1894 3223
0 64 115 85 ff
143 56 158 63 7⁷

101 135 172 174 472
691 125 780 162 LIB.
806 126 872 168 ΙΙΙ,
899 125 1000 161 CAP.
1028 124 1149 161 CLIII.

107 213 156 261 (c.
181 211 274 257 147).
298 212 458 255 Oportet
477 207 599 253 igitur
618 206 722 252 quod
747 206 865 242 etiam
884 214 1004 251 super
1015 205 1285 252 cognitionem
1305 205 1527 242 naturalem
1550 205 1730 244 hominis

107 259 273 298 addatur
292 258 340 292 in
354 265 401 292 eo
423 255 557 300 aliqua
570 253 748 298 cognitio
762 262 849 298 quae
865 253 1060 289 rationem
1075 253 1296 290 naturalem
1315 253 1496 297 excedat3
1513 255 1551 289 et
1568 252 1652 289 haec
1667 256 1730 290 est

107 304 285 351 cognitio
307 302 412 344 fidei,
435 310 523 347 quae
541 303 600 337 est
615 300 661 336 de
681 300 745 337 his
765 308 852 346 quae
873 308 953 336 non
976 299 1161 336 videntur
1186 309 1256 345 per
1273 300 1467 336 rationem
1489 299 1727 338 naturalem.

152 353 252 393 item,
276 349 607 395 quandocumque
626 347 674 383 ab
708 346 842 392 aliquo
863 349 1005 392 agente
1034 349 1216 383 movetur
1240 346 1388 393 aliquid
1406 347 1456 383 ad
1482 346 1522 383 id
1542 347 1650 393 quod
1667 350 1732 384 est

102 397 307 444 proprium
340 395 397 431 illi
430 394 577 441 agenti,
605 397 760 439 oportet
792 393 897 439 quod
920 403 942 429 a
972 393 1319 444 principio-ipsum
1349 393 1495 430 mobile
1532 393 1731 451 subdatur

101 442 440 489 impressionibus
470 440 628 487 agentis
660 440 903 486 imperfecte,
922 439 1036 484 quasi
1067 440 1210 476 alienis
1231 443 1268 476 et
1303 446 1390 477 non‘
1425 441 1600 486 propriis
1631 440 1751 486 sibi„

101 498 313 538 quousque
334 488 430 525 fiant
451 487 487 524 ei
503 487 671 533 propriae
691 487 733 523 in
754 487 925 524 termino
943 490 1077 524 motus
1097 499 1106 531 ;
1127 486 1232 524 sicut
1248 486 1401 533 lignum
1422 488 1471 524 ab
1486 488 1580 535 igne
1597 488 1730 534 primo

103 535 246 580 calefit,
270 540 308 572 et
327 536 394 572 1116
424 534 533 571 calor
553 543 631 570 non
655 538 716 571 est
747 534 931 580 proprius
959 534 1086 580 ligno,
1105 533 1174 570 sed
1203 538 1343 579 praeter
1371 538 1552 571 naturam
1573 534 1728 580 ipsius;

101 584 145 621 in
165 583 242 619 fine
279 586 426 626 autem,
448 581 607 628 quando
625 581 705 627 jam
740 582 893 627 lignum
927 581 1097 627 ignitum
1119 583 1192 623 est,
1206 579 1256 616 fit
1275 581 1310 616 ei
1344 581 1453 618 calor
1477 582 1663 627 proprius
1691 585 1731 617 et

103 629 401 673 connaturalis;
424 633 461 664 et
482 628 678 672 similiter,
695 637 817 674 quum
837 628 984 674 aliquis
1005 637 1028 679 a
1047 627 1240 673 magistro
1256 627 1433 673 docetur,
1451 632 1606 674 oportet
1621 628 1730 680 quod

103 687 126 714 a
146 676 342 722 principio
379 675 664 720 conceptiones
697 675 878 721 magistri
909 674 1086 720 recipiat,
1109 683 1190 712 non
1211 675 1325 721 quasi
1341 683 1408 711 eas
1429 684 1499 720 per
1519 684 1561 711 se
1581 675 1727 711 intelli—

104 732 222 771 gens,
242 722 312 760 sed
343 732 412 767 per
433 723 595 759 modum
625 722 885 766 credulitatis,
907 721 1023 768 quasi
1053 730 1173 767 supra
1205 730 1318 759 suam
1347 721 1605 773 capacitatem
1627 722 1728 759 exis—

104 773 258 814 tentes3
280 769 321 806 in
341 769 418 806 fine
439 774 584 813 autem,
601 769 760 815 quando
790 769 872 815 jam
893 769 1056 805 edoctus
1077 768 1208 812 fuerit,
1227 778 1296 805 eas
1315 768 1460 814 poterit
1490 768 1728 814 intelligere.

103 817 214 854 Sicut
231 820 362 854 autem
381 826 429 853 ex
447 816 563 852 dictis
596 820 713 861 patet,
733 816 882 853 auxilio
913 815 1056 852 divinae
1073 816 1210 861 gratia),
1243 815 1453 862 dirigimur
1471 814 1515 851 in
1541 815 1726 851 ultimum

50 887 61 901 ,ι
101 863 249 908 finem3
273 864 438 900 ultimus
459 867 588 899 autem
613 862 705 900 finis
727 862 1013 900 estmanifesta
1031 862 1134 899 visio
1153 862 1289 908 primae
1314 861 1491 899 veritatis
1511 861 1553 898 in
1577 862 1725 907 seipsa,

102 915 146 948 ut
167 920 287 956 supra
308 910 356 956 (c.
381 910 462 957 147)
485 914 691 946 ostensum
723 914 795 947 est.
819 911 979 955 Oportet
1000 909 1121 955 ipitur
1138 910 1257 956 quod,
1289 913 1501 956 antequam
1536 908 1586 945 ad
1605 908 1728 961 istum

103 957 224 995 finem
245 957 440 1002 veniatur,
462 957 688 994 intellectus
710 957 886 994 hominis
902 958 981 993 Deo
998 956 1190 993 subdatur
1204 966 1274 1002 per
1287 957 1451 993 modum
1465 955 1729 1000 credulitatis,

104 1004 239 1042 divina
260 1005 387 1051 gratia
408 1004 484 1041 hoc
506 1004 687 1040 faciente.
1314 1050 1319 1055 ¹

151 1053 342 1091 Praeterea,
367 1052 407 1087 iii
427 1050 623 1096 principio
655 1051 773 1096 liujus
795 1050 926 1096 operis
948 1050 1088 1095 positae
1112 1053 1206 1087 sunt
1235 1050 1426 1087 utilitates
1446 1052 1606 1096 propter
1623 1058 1724 1101 quas

104 1098 377 1135 necessarium
411 1098 486 1134 fuit
517 1098 690 1134 divinam
711 1098 915 1133 veritatem
938 1097 1167 1134 hominibus
1199 1107 1269 1144 per
1297 1097 1457 1137 modum
1481 1096 1728 1148 credulitatis

106 1145 289 1191 proponi.
314 1147 367 1181 Ex
399 1145 544 1191 quibus
575 1145 691 1181 etiam
726 1145 908 1181 concludi
928 1148 1059 1190 potest
1084 1144 1191 1190 quod
1214 1144 1485 1182 necessarium
1510 1144 1584 1180 fuit
1610 1142 1728 1179 fidem

111 1201 199 1228 esse
221 1191 362 1228 divinae
383 1192 517 1237 gratiae
539 1191 720 1228 effectum
741 1191 781 1227 in
801 1191 932 1228 nobis.

155 1239 253 1274 Hinc
274 1242 334 1274 est
354 1238 459 1285 quod
482 1238 695 1283 Apostolus
716 1238 811 1275 dicit
835 1250 843 1274 :
868 1238 996 1275 Gratia
1016 1239 1100 1274 estis
1130 1238 1264 1273 salvati
1282 1247 1348 1284 per
1361 1237 1481 1284 fidem,
1506 1239 1540 1272 et
1569 1236 1632 1272 hoc
1657 1245 1730 1272 non

103 1295 149 1321 eae
168 1285 288 1328 vobis;
309 1287 376 1321 Dei
395 1287 487 1320 enim
514 1285 647 1320 donum
667 1288 729 1321 est.
755 1285 913 1331 (Ephes.,
936 1294 980 1329 Π,
1002 1285 1052 1331 8.)

154 1333 226 1367 Pei·
257 1331 332 1368 hoc
353 1335 481 1368 autem
506 1332 727 1368 excluditur
757 1341 866 1368 error
887 1332 1206 1378 pelagianorum,
1227 1331 1296 1378 qui
1315 1329 1500 1369 dicebant
1520 1330 1626 1378 quod
1648 1330 1727 1367 ini-

106 1377 207 1415 tium
229 1377 321 1415 fidei
347 1378 389 1414 in
410 1378 527 1415 nobis
546 1387 628 1415 1100
649 1382 732 1415 erat
752 1388 775 1416 a
794 1380 889 1423 Deo,
910 1378 981 1416 sed
1001 1388 1025 1416 a
1042 1378 1176 1416 nobis.

749 1522 916 1563 CAPUT
946 1522 1080 1563 CLIII.

201 1643 301 1677 QUOD
321 1643 462 1672 DIVINA
489 1642 633 1672 GRATIA
659 1642 811 1671 GAtsAT
833 1643 874 1670 IN
899 1642 1013 1671 NOBIS
1040 1642 1140 1672 SPEM
1162 1642 1325 1671 FUTURAE
1350 1641 1637 1672 BEATITIJDINIS.

153 1755 206 1789 Ex
226 1752 375 1790 eisdem
398 1752 515 1789 etiam
537 1751 691 1789 ostendi
714 1756 843 1798 potest
864 1753 969 1799 quod
992 1751 1200 1798 oporteti‘n
1215 1752 1332 1789 nobis
1349 1761 1418 1797 per
1432 1752 1600 1798 gratiam
1614 1761 1728 1799 spem

106 1799 249 1841 suturae
270 1799 529 1836 beatitudinis
550 1799 720 1836 causari.

153 1846 317 1883 Dilectio
345 1847 448 1882 601111
469 1856 554 1893 quae
577 1850 636 1882 est
657 1846 704 1883 ad
726 1846 827 1882 alios
851 1846 1030 1891 provenit
1048 1846 1089 1881 in
1110 1846 1272 1882 homine
1293 1855 1342 1882 ex
1361 1845 1573 1883 dilectione
1594 1845 1726 1883 110101-

104 1893 168 1928 nis
201 1893 248 1928 ad
287 1893 477 1938 seipsum,
516 1894 555 1928 10
595 1896 786 1939 quantum
823 1893 869 1929 ad
909 1894 1080 1929 amicum
1101 1893 1249 1939 aliquis
1269 1901 1312 1929 se
1333 1892 1451 1928 liabet
1468 1892 1572 1929 sicut
1592 1893 1639 1930 ad
1663 1903 1720 1930 se.

103 1939 239 1985 Diligit
274 1943 402 1975 autem
438 1939 583 1985 aliquis
616 1940 792 1985 seipsum
814 1940 852 1974 in
876 1943 1066 1984 quantum
1087 1939 1169 1975 vult
1190 1939 1266 1975 sibi
1286 1939 1450 1982 bonum,
1474 1940 1578 1976 sicut
1598 1940 1726 1978 alium

104 1986 234 2031 diligit
254 1986 294 2021 iii
316 1990 506 2032 quantum
524 1986 605 2022 vult
626 1987 660 2022 ei
684 1988 846 2022 bonum.
870 1987 1029 2031 Oportet
1047 1995 1140 2031 ergo
1162 1986 1267 2032 quod
1288 1986 1421 2029 bomo,
1442 1996 1511 2031 per
1524 1987 1600 2023 hoc
1613 1988 1720 2034 quod

103 2032 209 2069 circa
229 2033 430 2078 proprium
465 2033 612 2068 bonum
635 2032 816 2077 afficitur,
840 2033 1076 2077 perducatur
1095 2033 1143 2068 ad
1165 2034 1240 2069 hoc
1258 2033 1363 2079 quod
1395 2034 1590 2070 alliciatur
1612 2035 1719 2071 circa

101 2078 250 2115 bonum
274 2080 436 2115 alterius
463 2081 534 2114 Per
555 2080 628 2115 hoc
650 2080 770 2125 igitur
791 2080 897 2125 quod
920 2080 1064 2126 aliquis
1084 2080 1131 2116 ab
1158 2080 1236 2116 alio
1264 2084 1395 2124 sperat
1414 2080 1562 2116 bonum
1584 2080 1627 2117 fit
1647 2082 1719 2117 ho-

103 2126 202 2162 mini
222 2126 285 2162 via
303 2130 344 2162 ut
364 2126 475 2162 illuni
498 2126 635 2172 diligat
654 2136 675 2162 a
697 2136 774 2173 quo
798 2127 945 2162 bonum
963 2131 1094 2171 sperat
1112 2127 1331 2162 secundum
1353 2127 1545 2172 seipsum,
1563 2129 1725 2174 quando

103 2172 276 2218 diligens
306 2173 455 2209 bonum
486 2173 570 2219 eJ'us
603 2173 697 2217 vult,
732 2173 888 2210 etiamsi
917 2174 1016 2210 011111
1038 2174 1073 2209 61
1098 2174 1188 2211 inde
1210 2174 1427 2219 proveniat.
1448 2174 1576 2217 Quum
1598 2175 1721 2221 igitur

102 2228 172 2265 per
192 2220 358 2265 gratiam
379 2223 534 2266 gratum
558 2220 766 2256 facientem
789 2224 974 2257 causetur
996 2221 1035 2256 10
1057 2221 1218 2257 1101111116
1241 2220 1347 2267 quod
1368 2222 1488 2257 Deum
1506 2226 1723 2267 propterse

104 2266 255 2312 diligat,
270 2275 520 2313 consequens
543 2267 615 2303 fuit
628 2271 668 2303 ut
682 2268 799 2304 etiam
813 2268 1060 2314 pergratiam
1074 2268 1193 2304 homo
1206 2277 1316 2314 spem
1334 2267 1380 2304 de
1390 2269 1470 2304 Deo
1490 2268 1730 2314 adipiscere·

104 2316 178 2349 tur.
200 2314 381 2349 Amicitia
402 2323 492 2350 vcro
513 2324 590 2360 qua
610 2314 700 2360 quis
721 2314 842 2350 alium
859 2315 1079 2351 secundum
1095 2324 1138 2351 se
1153 2315 1295 2361 diligit,
1317 2315 1388 2352 etsi
1406 2323 1486 2351 non
1502 2315 1734 2362 sitpropterf

101 2362 301 2406 propriam
324 2361 545 2404 utilitatem,
568 2361 684 2397 babet
703 2365 833 2397 tamen
855 2362 999 2398 multas
1029 2362 1217 2399 utilitates
1251 2366 1556 2408 consequentes,
1578 2371 1722 2400 secun-

105 2406 196 2443 dum
218 2407 323 2454 quod
341 2409 671 2444 unusamicorum
694 2409 804 2444 alteri
827 2409 1009 2445 subvenit
1028 2414 1068 2445 ut
1089 2409 1245 2455 sibiipsi
1271 2409 1401 2446 :unde
1423 2413 1578 2455 oportet
1598 2410 1735 2456 quod,·

102 2463 192 2490 cuni
215 2455 359 2500 aliquis
381 2454 503 2491 alium
527 2455 654 2502 diligit
675 2460 711 2491 ct
730 2456 938 2502 cognoscit
952 2465 994 2493 se
1016 2456 1064 2493 ab
1083 2465 1129 2493 eo
1149 2457 1274 2502 diligi,
1290 2457 1337 2494 de
1365 2465 1411 2493 eo
1439 2466 1550 2501 spem
1568 2457 1725 2494 habeat.

103 2502 175 2536 Pei·
196 2503 360 2547 gratiam
383 2506 514 2538 autem
538 2503 591 2538 ita
612 2503 868 2547 constituitur
886 2504 1006 2540 liomo
1026 2504 1094 2540 Dei
1117 2504 1294 2548 dilector,
1317 2504 1537 2541 secundum
1557 2504 1723 2541 charita-

102 2547 154 2583 tis
191 2547 390 2593 affectum,
413 2549 517 2595 quod
552 2549 668 2586 etiam
699 2550 910 2586 instruitur
944 2560 1012 2596 per
1041 2550 1158 2587 fidem
1179 2551 1285 2598 quod
1305 2561 1328 2588 a
1345 2552 1425 2587 Deo
1446 2551 1723 2597 praediligatur

104 2595 323 2632 secundum
344 2596 442 2632 illud
463 2596 567 2643 quod
590 2596 754 2633 liabetur
778 2609 785 2633 :
806 2599 849 2632 In
869 2598 931 2633 hoc
951 2601 1003 2633 est
1021 2599 1180 2634 charitas
1203 2611 1211 2634 :
1234 2609 1304 2633 non
1324 2600 1431 2643 quasi
1452 2608 1516 2633 nos
1546 2598 1721 2633 dile-ceri-

101 2650 181 2692 mas
200 2644 323 2686 Deum,
346 2643 409 2678 sed
424 2645 593 2688 quoniam
612 2645 802 2689 ipseprior
822 2644 952 2680 dileat-it
974 2655 1047 2681 nos.
1072 2645 1106 2691 (Ι
1120 2647 1268 2690 Jotznn„
1287 2654 1344 2689 iv,
1368 2645 1440 2691 10).
1459 2644 1725 2690 Consequitur

102 2691 224 2733 igitur
245 2699 289 2724 ex
311 2690 414 2740 dono
437 2691 572 2737 gratiae
594 2692 698 2738 quod
725 2692 844 2728 homo
867 2692 912 2728 de
934 2694 1014 2729 Deo
1035 2702 1144 2738 spem
1170 2693 1322 2730 habeat.
1344 2694 1399 2729 Ex
1418 2701 1496 2738 quo
1512 2691 1628 2727 etiam
1650 2699 1718 2741 pa-

106 2738 156 2770 tet
178 2735 296 2780 quod,
318 2741 420 2772 sieut
440 2747 532 2783 spes
554 2742 613 2774 est
632 2740 866 2784 praeparatio
889 2740 1064 2777 hominis
1086 2740 1135 2777 ad
1152 2749 1284 2776 veram
1300 2739 1366 2776 Dei
1382 2738 1650 2780 dilectionem,
1667 2741 1722 2774 ita

104 2784 142 2830 et
164 2790 181 2816 e
205 2790 397 2833 converso
417 2793 464 2820 ex
484 2785 673 2821 charitato
695 2786 813 2822 liomo
836 2796 905 2832 spe
927 2787 1196 2824 confirmatur.

150 2829 331 2873 Amplius,
352 2838 391 2864 10
414 2832 520 2866 omui
548 2832 734 2878 diligente
758 2839 943 2870 causatur
963 2835 1203 2871 desiderium
1225 2837 1266 2870 ut
1286 2832 1445 2869 uniatur
1466 2840 1539 2868 suo
1561 2832 1721 2875 dilecto,

102 2874 144 2910 in
170 2880 357 2922 quantuni
378 2877 568 2929 possibile
586 2883 666 2925 est;
690 2884 726 2916 et
746 2880 836 2918 binc
858 2887 932 2928 est,
954 2884 1058 2930 quoti
1081 2879 1474 2924 delectabilissimum
1493 2883 1555 2916 est
1579 2879 1725 2916 amicis
