1894 3223
716 156 800 190 [ΑΒ.
833 156 895 198 ΙΙΙ,
924 155 1023 191 ΕΑΡ.
1051 155 1172 190 XXIII.
1683 153 1751 189 285

133 247 227 284 ergo
258 240 388 274 motus
422 236 596 274 coelestis
630 237 824 281 corporis,
848 240 1038 283 quantum
1066 235 1111 272 ad
1132 235 1302 272 activum
1332 233 1569 280 principium
1592 243 1670 269 nou
1694 237 1752 271 est

133 284 340 328 naturalis,
358 284 426 321 sed
447 284 573 329 magis
595 284 842 320 volontarius
864 287 899 319 et
922 282 1203 319 intellectualis
1222 294 1229 325 ;
1252 285 1442 328 quantum
1464 290 1556 318 vero
1578 281 1624 317 ad
1647 281 1753 327 prin-

132 332 278 377 cipium
299 331 500 377 passivum
518 335 577 367 est
594 331 800 373 naturalis,
821 339 910 366 nam
936 339 1080 376 corpus
1101 330 1261 366 coeleste
1283 328 1399 365 habet
1420 328 1639 365 naturalem
1656 327 1753 373 apti-

132 379 310 415 tudinem
329 378 376 415 ad
396 378 512 414 talem
534 382 699 415 motum.
722 379 800 414 Hoc
822 381 952 413 autem
977 377 1185 414 manifeste
1206 379 1379 422 apparet,
1403 375 1436 412 si
1460 375 1648 412 habitudo
1664 383 1752 412 con-

132 425 327 463 sideretur
347 425 521 462 coelestis
548 425 728 471 corporis
759 425 805 461 ad
827 434 942 462 suum
962 425 1036 460 ubi.
1054 424 1203 461 Patitur
1222 423 1327 460 enim
1353 426 1391 459 et
1410 425 1590 459 movetur
1611 431 1752 459 unum-

133 472 318 519 quodque
351 472 569 509 secundum
604 472 708 519 quod
731 476 789 508 est
812 472 851 508 in
874 472 1073 517 potentia;
1098 471 1179 517 agit
1199 473 1236 507 et
1256 474 1385 507 movet
1404 469 1622 506 secundum
1646 468 1751 515 quod

132 523 191 557 est
212 524 314 556 actu.
338 521 487 565 Corpus
509 523 638 556 autem
661 519 835 562 coeleste,
858 519 1076 556 secundum
1100 527 1213 555 suam
1234 517 1502 554 substantiam
1524 516 1753 553 considera-

131 570 214 604 tum
247 567 448 604 invenitur
480 571 520 603 ut
552 567 593 603 in
629 567 804 613 potentia
838 565 1108 602 indifferenter
1143 574 1185 601 se
1217 563 1367 601 habens
1389 563 1434 600 ad
1457 563 1659 610 quodlibet
1676 563 1752 608 ubi,

133 615 236 652 sicut
270 614 434 651 materia
466 614 593 660 prima
625 614 672 650 ad
703 613 919 659 quamlibet
954 613 1133 656 sormam,
1156 610 1508 656 sicutpraedietum
1540 614 1612 648 est.
1633 609 1754 647 Aliter

133 666 262 698 autem
285 665 345 697 est
363 661 409 697 tle
432 671 596 706 corpore
618 662 725 707 gravi
748 665 785 697 et
806 660 894 705 levi,
917 660 1020 707 quod
1041 660 1079 696 in
1103 668 1176 695 sua
1196 661 1336 694 natura
1349 657 1753 702 consideratum‚non

134 712 194 746 est
213 708 448 746 indifferens
469 708 517 745 ad
539 717 696 745 omnem
719 708 863 747 locum,
886 707 954 744 scd
975 717 1021 744 ex
1038 708 1191 743 ratione
1212 714 1294 741 suae
1315 705 1450 741 sormae
1465 698 1755 741 *determinatur

133 756 209 794 sibi
243 756 370 793 locus.
407 758 554 793 Natura
581 756 701 802 igitur
719 754 896 801 corporis
920 753 1051 801 gravis
1070 756 1107 790 et
1127 752 1224 789 levis
1246 756 1306 788 est
1325 751 1560 797 principium
1584 751 1753 788 activum

133 807 266 840 motus
305 802 416 849 ejus;
447 807 588 839 natura
619 811 711 839 vero
743 802 922 847 eorporis
955 800 1130 837 coelestis
1163 803 1223 836 est
1243 802 1376 835 motus
1401 799 1529 844 ipsius
1551 799 1753 844 passivum

133 850 387 897 principium.
413 849 518 886 Unde
536 859 614 887 non
639 850 752 886 debet
772 849 890 886 alicui
912 847 1033 884 videri
1056 846 1162 894 quod
1183 846 1378 883 violenter
1398 849 1616 889 moveatur,
1651 845 1755 882 sieut

134 906 299 943 corpora
314 897 449 943 gravia
470 901 506 934 et
532 897 644 937 levia,
662 906 748 943 quae
762 906 781 933 a
799 895 915 933 nobis
929 897 1138 931 moventur
1154 903 1221 939 per
1235 893 1495 930 intellectum.
1515 892 1755 938 Corporibus

134 945 237 981 enim
252 944 438 990 gravibus
453 944 658 981 etlevibus
680 944 784 980 inest
805 942 997 979 naturalis
1016 941 1192 987 aptitudo
1215 940 1261 977 ad
1281 940 1523 977 contrarium
1547 943 1697 976 motum
1719 939 1754 977 ei

133 1001 212 1039 quo
233 994 440 1027 moventur
458 1000 480 1027 a
499 990 634 1034 nobis;
649 990 785 1027 etideo
798 989 948 1026 anobis
962 995 1168 1026 moventur
1179 997 1247 1034 per
1261 986 1605 1028 violentiam,licet
1623 990 1755 1024 motus

133 1038 312 1084 corporis
327 1038 512 1075 animalis
532 1047 610 1084 quo
628 1041 833 1074 moventur
853 1037 900 1074 ab
921 1036 1054 1073 anima
1074 1044 1155 1072 non
1171 1035 1222 1072 sit
1237 1034 1271 1072 ei
1285 1034 1547 1079 violentus,in
1564 1038 1756 1081 quantum

133 1084 852 1129 estanimatum,etsisiteiviolentus‚
874 1084 1118 1129 inquantum
1142 1086 1201 1119 est
1221 1091 1338 1127 grave
1350 1081 1562 1128 quoddam.
1586 1082 1758 1126 Corpora

133 1136 262 1170 autem
296 1131 475 1169 coelestia
509 1140 589 1169 non
624 1131 768 1168 liabent
802 1130 1062 1176 aptitudinem
1091 1129 1139 1166 ad
1160 1133 1309 1165 motum
1332 1128 1588 1172 contrarium,
1611 1128 1681 1165 sed
1707 1128 1757 1165 ad

133 1179 245 1216 illum
262 1188 341 1225 quo
364 1182 573 1216 moventur
593 1188 616 1215 a
636 1178 859 1215 substantia
874 1177 1142 1224 intelligente;
1164 1176 1269 1213 unde
1286 1175 1405 1213 simul
1420 1179 1479 1213 est
1493 1175 1754 1220 volontarius,

135 1230 326 1279 quantum
363 1226 412 1263 ad
444 1225 681 1272 principium
715 1225 900 1270 activum,
932 1229 970 1261 et
995 1224 1203 1269 naturalis,
1223 1226 1415 1270 quantum
1446 1222 1494 1259 ad
1517 1222 1755 1269 principium

135 1283 354 1320 passivum.

185 1320 297 1365 Quod
321 1324 452 1358 autem
471 1324 604 1357 motus
624 1320 710 1357 coeli
738 1323 800 1357 est
817 1318 1081 1364 volontarius‚
1094 1317 1313 1355 secundum
1329 1317 1499 1355 activum
1518 1317 1755 1364 principium

136 1377 215 1406 non
239 1371 433 1414 repugnat
455 1367 596 1404 unitati
618 1370 654 1404 et
675 1366 944 1404 conformitati
966 1365 1140 1403 coelestis
1163 1369 1321 1409 motus3
1344 1374 1391 1402 ex
1411 1364 1486 1402 hoc
1501 1364 1606 1411 quod
1623 1364 1758 1401 volun-

133 1419 198 1452 tas
210 1414 258 1452 ad
273 1415 397 1452 multa
410 1424 452 1452 se
467 1414 586 1452 habet
612 1417 648 1450 et
670 1423 750 1451 non
770 1417 830 1451 est
850 1413 1111 1450 determinata
1131 1412 1178 1449 ad
1199 1421 1320 1449 unum
1342 1424 1350 1456 ;
1372 1412 1478 1458 quia,
1500 1411 1603 1449 sicut
1618 1415 1758 1448 natura

136 1462 422 1500 determinatur
448 1461 497 1498 ad
531 1470 653 1499 unum
681 1471 751 1507 per
772 1469 886 1498 suam
907 1460 1105 1503 virtutem,
1126 1459 1181 1496 ita
1201 1459 1386 1496 voluntas
1406 1458 1690 1495 determinatur
1708 1458 1757 1495 ad

134 1518 257 1593 gnum
271 1518 339 1555 per
353 1518 466 1546 suam
490 1508 741 1555 sapientiam,
764 1517 843 1555 qua
866 1507 1052 1544 voluntas
1067 1506 1253 1553 dirigitur
1282 1504 1544 1542 infallibiliter
1562 1505 1611 1542 ad
1632 1514 1754 1542 unum

166 1565 269 1593 nem.
939 1585 946 1592 .

185 1605 293 1640 Patet
323 1602 441 1640 etiam
473 1612 521 1640 ex
554 1601 776 1649 praemissis
811 1601 931 1648 quod,
946 1601 988 1638 in
1002 1604 1110 1638 motu
1126 1600 1230 1645 coeli,
1247 1609 1328 1638 non
1346 1603 1407 1636 est
1421 1603 1560 1638 contra
1575 1603 1755 1637 naturam

135 1659 266 1696 neque
287 1658 477 1687 accessus
496 1649 544 1686 ad
564 1649 723 1696 aliquod
744 1649 808 1685 ubi
823 1658 953 1695 neque
976 1656 1161 1685 recessus
1182 1647 1230 1684 ab
1251 1656 1311 1684 eo.
1334 1648 1414 1684 Hoc
1435 1647 1541 1684 euim
1557 1646 1699 1684 accidit
1715 1647 1756 1683 in

134 1702 246 1734 motu
261 1696 445 1743 'gravium
467 1700 504 1733 et
523 1697 668 1734 levium
689 1700 848 1742 propter
868 1696 946 1732 duo
968 1707 976 1732 :
999 1696 1128 1740 primo
1145 1694 1304 1742 quidem
1319 1694 1412 1741 quia
1426 1694 1594 1731 intentio
1608 1698 1756 1732 naturae

137 1748 197 1782 est
218 1744 489 1787 determinata,
506 1747 545 1780 et
563 1743 604 1780 in
625 1743 812 1789 gravibus
827 1743 918 1779 etin
937 1742 1105 1787 levibus,
1127 1742 1175 1779 ad
1191 1751 1313 1779 unum
1336 1742 1467 1778 locum
1484 1753 1493 1786 ;
1513 1741 1631 1786 unde,
1653 1741 1758 1779 sicut

135 1791 368 1829 naturaliter
392 1790 517 1828 tendit
550 1790 589 1827 in
623 1791 769 1837 ipsum,
791 1791 846 1827 ita
865 1793 1003 1827 contra
1023 1793 1204 1826 naturam
1226 1788 1375 1826 recedit
1394 1788 1442 1826 ab
1461 1797 1508 1826 eo
1527 1800 1537 1834 3
1559 1787 1750 1830 secundo,

134 1838 229 1886 quia
260 1837 339 1875 duo
370 1840 504 1875 motus
531 1846 699 1884 quorum
730 1846 811 1875 uno
839 1836 990 1875 accedit
1022 1837 1070 1874 ad
1104 1836 1279 1874 medium
1296 1839 1334 1873 et
1354 1835 1478 1873 altero
1498 1835 1645 1873 recedit
1664 1839 1759 1873 sunt

134 1885 338 1923 contrarii.
357 1884 397 1922 Si
426 1888 557 1922 autem
592 1884 809 1931 accipiatur
836 1884 879 1921 in
909 1887 1019 1921 motu
1051 1883 1230 1930 gravium
1264 1871 1302 1920 'e't
1325 1882 1470 1920 levium
1489 1891 1572 1921 non
1592 1883 1756 1920 ultimus

134 1932 249 1970 locus
270 1932 340 1970 sed
360 1932 530 1978 medius,
556 1932 661 1969 sicut
681 1932 729 1970 ad
746 1932 877 1978 ipsum
899 1931 1101 1968 acceditur
1117 1930 1362 1976 naturaliter,
1384 1930 1439 1967 ita
1460 1929 1507 1967 ab
1529 1930 1616 1977 ipso
1644 1934 1757 1967 natu-

134 1979 271 2016 raliter
286 1979 496 2024 receditur,
515 1979 610 2026 quia
628 1983 753 2016 totum
776 1982 853 2016 stat
873 1978 947 2016 sub
970 1988 1048 2015 una
1063 1978 1284 2015 intentione
1299 1982 1464 2022 naturae,
1486 1981 1523 2014 et
1555 1986 1635 2014 non
1665 1979 1759 2014 sunt

134 2029 268 2064 motus
285 2025 472 2064 contrarii
493 2053 505 2068 ,
529 2026 598 2064 sed
620 2035 725 2064 unus
746 2030 784 2063 et
803 2026 1034 2063 continuus.
1057 2027 1113 2062 lta
1133 2029 1263 2062 autem
1286 2025 1399 2062 estin
1412 2028 1521 2061 motu
1535 2024 1758 2062 coelestium

135 2082 361 2119 corporum,
381 2072 474 2120 quia
495 2076 646 2111 naturae
665 2073 834 2110 intentio
856 2076 1010 2111 nonest
1028 2072 1190 2119 aliquod
1209 2073 1273 2108 ubi
1292 2071 1757 2117 determinatum,utjam

135 2120 284 2158 dictum
305 2124 387 2165 est3
407 2123 540 2158 motus
555 2120 674 2157 etiam
692 2130 770 2167 quo
791 2120 940 2157 recedit
958 2129 1104 2166 corpus
1117 2119 1363 2158 circulariter
1381 2123 1534 2156 motum
1554 2118 1602 2156 ab
1623 2119 1757 2165 aliquo

136 2167 254 2215 signo
273 2176 352 2205 non
374 2170 434 2205 est
466 2168 689 2205 contrarius
710 2168 834 2205 motui
855 2177 934 2214 quo
955 2167 1049 2204 illuc
1067 2166 1232 2210 accedit,
1266 2166 1337 2203 sed
1357 2170 1418 2203 est
1439 2174 1543 2204 unus
1569 2170 1701 2203 motus
1721 2168 1759 2202 et

137 2214 354 2252 continuus
372 2226 382 2267 Ξ
405 2213 511 2252 unde
528 2214 706 2262 quolibet
724 2215 798 2255 ubi,
820 2215 860 2250 in
878 2218 988 2251 motu
1005 2213 1110 2260 coeli,
1128 2214 1304 2251 estsicut
1319 2213 1493 2250 medium
1509 2216 1547 2250 et
1561 2221 1641 2250 non
1655 2212 1757 2250 sicut

137 2265 355 2298 extremum
373 2270 415 2298 in
434 2265 544 2299 motu
562 2266 682 2299 recto.

185 2309 271 2344 Non
291 2307 422 2344 differt
441 2312 588 2354 autem,
605 2311 797 2355 quantum
818 2308 868 2346 ad
889 2311 1123 2354 praesentem
1145 2307 1421 2347 intentionem,
1453 2310 1584 2343 utrum
1612 2313 1757 2351 corpus

138 2354 300 2392 coeleste
321 2359 527 2392 moveatur
545 2365 569 2392 a
589 2355 813 2393 substantia
831 2355 1090 2392 intellectuali
1111 2353 1324 2399 conjuncta
1341 2363 1427 2399 quae
1449 2353 1501 2390 sit
1519 2353 1651 2389 anima
1672 2352 1757 2399 ejus

136 2401 199 2437 vel
231 2410 255 2438 a
285 2401 511 2439 substantia
539 2406 733 2448 separata,
762 2405 799 2439 et
819 2406 948 2439 utrum
970 2401 1282 2448 unumquodque
1300 2408 1510 2445 corporum
1535 2400 1758 2436 coelestium

137 2451 344 2485 moveatur
377 2456 401 2484 a
431 2449 526 2493 Deo,
555 2449 616 2485 vel
636 2448 789 2486 nullum
810 2449 1051 2492 immediate,
1067 2448 1134 2485 sed
1155 2447 1423 2484 mediantibus
1443 2446 1678 2484 substantiis
1697 2447 1757 2484 in-

137 2493 432 2532 tellectualibus
466 2495 624 2538 creatis,
653 2498 720 2531 aut
745 2495 915 2541 primum
948 2498 1099 2531 tantum
1129 2493 1356 2530 immediate
1386 2502 1409 2529 a
1431 2494 1525 2537 Deo,
1556 2493 1634 2530 alia
1664 2502 1756 2532 vero

137 2541 404 2579 mediantibus
420 2541 656 2578 substantiis
674 2542 817 2578 creatis
834 2553 843 2585 ;
863 2541 1078 2578 dummodo
1098 2541 1290 2578 habeatur
1309 2540 1414 2587 quod
1431 2544 1563 2578 motus
1582 2540 1756 2578 coelestis

136 2593 248 2673 esta3
265 2588 489 2684 substantia
505 2588 777 2626 intellectuali.
795 2587 825 2636 (I
841 2592 956 2635 part.,
986 2598 1024 2635 q.
1045 2596 1136 2633 Lxx,
1165 2590 1236 2624 art.
1268 2590 1314 2628 33
1346 2588 1378 2624 11
1414 2587 1529 2633 Sena,
1562 2587 1642 2625 dist
1670 2595 1759 2634 XIV,

136 2639 210 2674 art.
255 2663 262 2673 .
