1894 3223
607 87 695 123 ΗΒ.
725 89 789 126 ΙΙΙ.
817 89 917 126 ΟΑΡ.
947 89 1104 126 LXXXII.
1597 93 1663 129 367

87 170 162 208 Sed
177 180 304 218 neque
326 179 394 216 per
410 169 642 216 hujusmodi
665 169 998 207 inordinationem
1027 170 1200 208 totaliter
1216 171 1423 223 *naturalis
1453 172 1550 210 ordo
1584 182 1667 219 per-

38 217 216 254 vertitur.
241 219 338 254 Nam
359 217 572 254 stultorum
594 216 813 253 dominium
837 217 1036 254 infirmum
1053 221 1126 261 est,
1147 217 1224 254 nis1
1241 218 1479 264 sapientium
1494 220 1663 258 consilio

40 263 260 301 roboretur.
287 263 396 300 Unde
417 263 574 308 dicitur,
597 265 726 307 PrOV„
746 272 812 306 xx,
840 267 879 301 18
900 277 907 300 :
933 266 1172 309 Coqztationes
1203 266 1364 302 consiliis
1384 267 1662 311 roborabuntur,

39 313 73 346 et
89 311 344 357 gubernaculis
364 311 560 347 tractanda
579 313 663 347 sunt
683 311 786 348 bella.
812 313 852 347 Et
873 319 984 356 xxlv,
1008 316 1042 355 5,
1066 316 1084 348 6
1108 325 1115 348 ;
1142 313 1208 348 Vir
1228 314 1373 358 sapiens
1400 315 1508 357 fortis
1539 318 1602 357 est,
1633 318 1675 350 et·

38 359 98 394 m'r
115 357 238 393 doctus
254 358 400 394 validus
420 361 454 393 et
472 358 652 398 robustus,
676 359 762 404 quia
783 368 861 394 cum
880 358 1114 404 dispositione
1135 360 1252 395 initur
1273 361 1414 405 bellum,
1434 364 1467 396 et
1484 362 1552 397 erit
1567 362 1666 398 salus

40 404 235 440 ubimulta
253 406 417 441 consilia.
441 407 485 441 Et
505 405 598 452 quia
624 405 845 442 consilians
867 407 965 451 regit
984 416 1073 443 eum
1096 407 1162 454 qui
1185 407 1398 445 consilium
1437 409 1593 455 accipit,
1628 413 1667 446 et

67 451 335 489 uodammodo
354 453 390 489 ei
411 452 651 496 dominatur,
686 452 842 495 dicitur,
879 454 1005 497 Prota,
1042 462 1140 499 ΠΗ,
1175 457 1211 499 2,
1246 456 1351 502 quod
1380 467 1502 492 servus
1523 458 1667 502 sapiens

124 498 288 535 imbitur
305 500 392 545 siliis
412 500 545 535 stultis.

89 547 199 583 Patet
218 555 313 593 ergo
332 546 437 594 quod
453 546 587 584 divina
606 547 853 594 providentia
874 548 1053 585 ordinem
1071 547 1257 585 omnibus
1278 549 1396 586 rebus
1420 551 1600 595 imponit,
1624 555 1668 588 ut

41 591 109 676 8ἰὲ
132 602 266 630 verum
300 594 353 630 sit
371 594 478 641 quod
510 594 604 631 dicit
625 595 851 640 Apostolus,
868 597 1002 639 Rom„
1027 603 1111 639 xm,
1138 599 1149 632 l
1177 596 1288 639 :Quae
1308 601 1421 632 autem
1440 602 1536 643 nint,
1559 610 1581 634 a
1597 601 1666 635 Deo

42 648 84 676 or
110 641 214 676 inata
231 643 327 678 sunt.

655 789 822 830 CAPUT
861 789 1052 830 LXXXII.

130 909 228 943 QUOD
257 909 468 938 INFERIORA
490 910 667 939 CORPORA
694 910 897 939 REGUNTUR
922 912 949 939 A
974 911 1049 940 DEO
1075 911 1149 940 PER
1174 912 1349 942 CORPORA
1375 913 1587 943 COELESTIA.

94 1017 203 1054 Sicut
225 1022 355 1053 autem
375 1017 416 1053 in
437 1017 674 1054 substantiis
696 1018 1032 1056 intellectualibus
1054 1022 1114 1056 est
1133 1020 1318 1065 superius
1341 1024 1377 1057 et
1409 1021 1591 1067 inferius,
1614 1023 1668 1060 ita

47 1063 91 1102 in
110 1063 346 1101 substantiis
365 1063 653 1109 corporalibus.
676 1064 913 1102 substantiae
943 1068 1073 1102 autem
1103 1065 1392 1104 intellectuales
1426 1073 1618 1115 reguntur
1646 1080 1668 1107 a

47 1109 336 1157 superioribus,
357 1114 400 1146 ut
421 1110 631 1156 dispositio
650 1110 792 1148 divinae
814 1112 1070 1157 providentiae
1087 1113 1437 1158 proportionaliter
1455 1116 1670 1154 descendat

46 1164 174 1205 usque
190 1157 237 1194 ad
259 1156 408 1202 infima,
431 1157 623 1204 sicutjam
646 1157 792 1195 dictum
816 1163 874 1195 est
896 1159 995 1205 (cap.
1016 1162 1061 1195 77
1084 1163 1120 1196 et
1141 1160 1240 1207 seq.)
1269 1161 1369 1207 Ergo
1402 1162 1485 1207 pari
1515 1163 1668 1200 ratione

45 1204 236 1243 inferiora
252 1212 420 1251 corpora
439 1214 508 1250 per
527 1205 734 1251 superiora
752 1204 1031 1251 disponuntur.

93 1251 277 1298 Amplius,
300 1254 448 1298 quanto
469 1251 520 1288 ali
553 1252 630 1289 uod
650 1261 794 1298 corpus
816 1255 875 1290 est
894 1253 1078 1299 superius
1100 1253 1205 1298 loco,
1225 1257 1335 1292 tanto
1357 1255 1558 1294 invenitur
1579 1267 1668 1295 esse

47 1297 284 1341 formalius;
307 1301 345 1335 et
360 1302 520 1345 propter
566 1307 612 1336 oc
632 1299 921 1337 rationabiliter
940 1301 1053 1338 locus
1081 1300 1264 1347 superior
1282 1305 1341 1339 est
1368 1302 1482 1340 locus
1511 1305 1671 1342 inferio·

47 1345 118 1384 ris.
137 1347 235 1384 Nam
271 1345 406 1383 formae
424 1349 485 1383 est
510 1347 728 1392 continere,
745 1347 849 1384 sicut
868 1347 959 1384 loci.
981 1350 1091 1394 Aqua
1108 1349 1213 1385 enim
1248 1353 1308 1386 est
1328 1349 1535 1389 formalior
1549 1356 1669 1396 terra,

48 1400 116 1431 aer
143 1402 259 1440 aqua,
282 1396 319 1430 et
338 1393 445 1440 ignis
477 1402 590 1438 aere3
624 1393 693 1430 sed
710 1403 877 1440 corpora
899 1395 1079 1432 coelestia
1098 1399 1193 1432 sunt
1213 1396 1400 1435 omnibus
1432 1398 1521 1435 loca
1553 1409 1670 1446 supe-

47 1439 168 1477 riora.
190 1441 279 1486 Ipsa
297 1440 420 1486 igitur
438 1444 533 1478 sunt
552 1441 680 1488 magis
701 1441 883 1478 formalia
903 1442 1090 1479 omnibus
1112 1442 1203 1480 aliis
1226 1455 1235 1479 ε
1260 1453 1355 1490 ergo
1371 1445 1500 1491 magis
1527 1447 1668 1483 activa.

47 1488 179 1535 Agunt
199 1495 293 1533 ergo
312 1488 354 1523 in
375 1487 565 1524 inferiora
581 1496 761 1533 corpora,
782 1488 894 1525 etsie
913 1498 981 1535 per
995 1499 1040 1526 ea
1061 1489 1251 1527 inferiora
1271 1489 1550 1536 disponuntur.

96 1534 198 1579 Item,
220 1533 324 1580 quod
345 1538 403 1571 est
427 1534 466 1570 in
494 1543 568 1571 sua
591 1539 732 1571 natura
751 1535 967 1581 perfectum
995 1536 1143 1583 absque
1178 1539 1456 1575 contrarietate
1491 1542 1552 1576 est
1583 1540 1670 1576 uni-

48 1581 280 1619 versalioris
300 1580 470 1625 virtutis,
493 1590 610 1627 quam
644 1581 740 1618 illud
771 1582 876 1628 quod
904 1583 944 1619 in
976 1592 1049 1620 sua
1078 1587 1218 1620 natura
1251 1593 1331 1621 non
1367 1585 1569 1631 perficitur
1591 1587 1669 1624 nisi

48 1628 90 1666 in
110 1627 399 1665 contrarietate.
420 1628 683 1665 contrarietas
705 1629 808 1665 enim
826 1633 885 1666 est
906 1640 953 1666 ex
982 1629 1218 1668 differentiis
1250 1631 1606 1670 determinantibus
1631 1640 1667 1670 et

50 1674 376 1713 contrahentibus
394 1683 522 1721 genus
544 1687 552 1711 :
572 1675 677 1712 unde
692 1675 737 1719 jn
761 1677 990 1722 acceptione
1011 1677 1250 1722 intellectus,
1274 1679 1367 1725 quia
1388 1683 1447 1717 est
1463 1680 1668 1718 universa-

50 1722 115 1767 lis,
137 1722 290 1768 species
311 1721 598 1758 contrariorum
622 1731 701 1758 non
730 1726 823 1759 sunt
843 1724 1064 1768 contrariae,
1093 1734 1180 1761 cum
1215 1726 1296 1762 sint
1327 1726 1461 1763 simul.
1497 1728 1668 1774 Corpora

51 1772 182 1806 autem
204 1768 382 1805 coelestia
395 1772 489 1805 sunt
508 1768 549 1804 in
570 1769 655 1805 suis
677 1769 830 1807 naturis
851 1770 1000 1817 absque
1029 1771 1137 1808 omni
1169 1772 1447 1810 contrarietate
1481 1775 1668 1820 perfecta.

50 1817 138 1853 Non
159 1815 264 1852 enim
285 1817 379 1852 sunt
397 1814 512 1860 levia,
533 1824 661 1862 neque
681 1816 828 1863 gravia,
850 1826 977 1864 neque
996 1817 1138 1863 calida,
1160 1827 1289 1865 neque
1307 1819 1450 1866 frigida
1473 1831 1480 1857 :
1504 1830 1672 1867 corpora

49 1871 142 1900 vero
162 1862 352 1900 inferiora
366 1870 446 1898 nou
465 1861 724 1908 perficiuntur
743 1863 784 1900 in
806 1864 892 1901 suis
911 1865 1064 1902 naturis
1086 1865 1163 1902 nisi
1180 1875 1270 1903 cum
1295 1866 1428 1913 aliqua
1455 1868 1671 1905 contrarie-

50 1913 144 1955 tate,
167 1912 205 1947 et
223 1909 299 1946 hoc
317 1909 435 1946 etiam
451 1912 585 1946 motus
606 1918 743 1947 eorum
765 1911 1022 1949 demonstrat.
1043 1914 1141 1949 Nam
1168 1913 1293 1950 motui
1325 1913 1508 1951 circulari
1530 1924 1670 1961 corpo-

50 1965 140 1994 rum
160 1955 381 1994 coelestium
397 1965 478 1993 non
499 1960 560 1994 est
574 1957 725 2004 aliquid
740 1959 1119 1997 contrarium:unde
1140 1960 1268 1997 necin
1286 1960 1344 1998 eis
1370 1961 1562 2000 violentia
1581 1971 1670 1999 esse

50 2006 208 2088 gotest3
225 2006 359 2040 motus
379 2006 512 2041 autem
530 2003 766 2042 inferiorum
783 2014 994 2052 corporum
1015 2007 1203 2044 contrarii
1225 2010 1333 2048 sunt,
1355 2009 1508 2046 scilicet
1537 2014 1672 2047 motus

79 2058 240 2088 eorsum
261 2050 388 2087 motui
409 2059 583 2088 sursum.
607 2051 780 2097 Corpora
796 2061 890 2100 ergo
912 2054 1090 2091 coelestia
1109 2059 1201 2091 sunt
1228 2054 1531 2093 universalioris
1554 2057 1689 2093 virtu-v

50 2097 105 2135 tis
147 2106 241 2134 uam
258 2105 426 2142 corpora
441 2097 646 2135 inferiora.
669 2099 922 2137 universales
938 2104 1071 2138 autem
1087 2100 1253 2138 virtutes
1276 2106 1370 2139 sunt
1389 2103 1550 2140 motivae
1582 2113 1672 2150 par·

50 2144 80 2182 ti
135 2143 294 2189 arium,
312 2143 416 2181 sicut
435 2153 485 2181 ex
500 2143 616 2198 dictis
630 2144 738 2198 ⁶(cap.
758 2146 820 2193 78)
842 2150 959 2193 patet.
982 2148 1155 2194 Corpora
1169 2148 1298 2195 igi-tur
1311 2149 1491 2187 coelestia
1511 2154 1673 2188 movent

52 2194 95 2228 et
110 2190 329 2237 disponunt
341 2198 510 2237 corpora
522 2190 728 2231 inferiora.

98 2238 241 2290 Adhuc!
263 2240 470 2275 ostensum
491 2243 551 2275 est
577 2248 696 2284 supra
712 2240 811 2286 (cap.
828 2240 890 2288 728)
922 2241 1030 2288 quod
1048 2250 1119 2287 per
1147 2241 1395 2281 substantias
1425 2243 1673 2281 intellectua-

53 2285 115 2322 les
134 2293 272 2322 omnia
286 2284 364 2321 alia
384 2288 588 2332 reguntur.
609 2287 780 2332 Corpora
799 2290 932 2325 autem
951 2288 1129 2326 coelestia
1149 2292 1253 2326 sunt
1270 2289 1466 2328 similiora
1487 2291 1673 2328 substan-

52 2332 120 2370 tiis
141 2331 478 2370 intellectualibus
497 2341 618 2380 quam
632 2333 711 2370 alia
728 2342 910 2381 corpora,
930 2334 970 2372 in
992 2339 1185 2384 quantum
1212 2340 1308 2373 sunt
1328 2337 1646 2383 incorruptibilia
1663 2350 1670 2374 :

52 2381 148 2417 sunt
159 2378 277 2416 etiam
293 2378 351 2416 eis
396 2378 669 2427 ropinquiora‚
682 2380 727 2418 in
743 2384 936 2429 quantum
950 2381 999 2419 ab
1011 2382 1070 2420 eis
1088 2383 1316 2420 immediate
1329 2388 1550 2428 moventur,
1569 2385 1673 2421 sicut

55 2429 263 2465 ostensum
283 2428 344 2463 est
379 2425 446 2463 lib.
467 2435 511 2471 11,
528 2435 614 2472 cap.
633 2429 694 2472 70,
716 2430 754 2465 et
773 2426 842 2465 lib.
863 2437 923 2473 111,
939 2438 1026 2475 cap.
1041 2429 1115 2476 80).
1135 2431 1208 2467 Per
1233 2429 1321 2477 ipsa
1339 2430 1462 2477 igitur
1481 2435 1673 2478 reguntur

52 2472 243 2510 inferiora
262 2481 443 2520 corpora.

99 2522 290 2565 Praeterea,
320 2522 477 2566 oportet
510 2519 683 2566 primum
714 2521 954 2568 principium
987 2526 1121 2560 motus
1153 2531 1243 2560 esse
1273 2522 1424 2570 aliquid
1453 2523 1671 2562 immobile⁶

54 2568 149 2613 Quae
170 2575 265 2614 ergo
286 2566 416 2614 magis
433 2565 627 2604 accedunt
645 2566 695 2605 ad
713 2568 1032 2606 immobilitatem
1047 2568 1191 2607 debent
1204 2577 1294 2607 esse
1314 2570 1485 2608 aliorum
1503 2572 1670 2616 motiva;

53 2623 223 2662 corpora
242 2617 372 2652 autem
395 2613 574 2652 coelestia
586 2614 715 2662 magis
735 2615 928 2653 accedunt
945 2615 994 2653 ad
1013 2615 1330 2654 immobilitatem
1350 2617 1466 2664 primi
1487 2618 1672 2665 principii

55 2670 173 2709 quam
191 2661 396 2706 inferiora,
417 2661 512 2708 quia
532 2669 615 2698 non
633 2666 843 2699 moventur
862 2662 940 2699 nisi
961 2671 1042 2700 una
1059 2663 1191 2710 specie
1210 2667 1357 2710 motus,
1387 2664 1542 2703 scilicet
1561 2670 1672 2703 motu

54 2706 188 2746 loeali.
215 2708 304 2746 Alia
329 2717 424 2746 vero
451 2717 618 2755 corpora
636 2712 846 2746 moventur
866 2709 1052 2747 omnibus
1083 2710 1292 2757 speciebus
1320 2714 1468 2750 motus.
1500 2713 1674 2759 Corpora

53 2753 178 2801 igmm·
197 2756 376 2794 coelestia
394 2759 488 2793 sunt
506 2755 653 2793 motiva
669 2758 708 2792 et
726 2755 888 2803 regitiva
901 2756 1082 2794 omnium
1092 2757 1330 2796 inferiorum
1349 2768 1574 2806 corporum.

102 2801 284 2848 Amplius,
302 2803 475 2849 primum
495 2802 536 2839 in
555 2802 732 2850 quolibet
751 2812 895 2849 genere
916 2806 978 2841 est
1010 2812 1133 2842 causa
1157 2813 1294 2842 eorum
1325 2815 1413 2853 quae
1442 2811 1536 2844 sunt
1567 2811 1670 2852 post.

55 2848 161 2885 Inter
177 2858 318 2887 omnes
338 2854 469 2887 autem
489 2850 590 2887 alios
620 2853 754 2887 motus
771 2849 924 2897 primus
951 2853 1011 2888 est
1029 2854 1164 2889 motus
1195 2852 1298 2890 coeli.
1333 2853 1466 2891 Primo
1497 2854 1669 2901 quidem,
