<?xml version="1.0" encoding="UTF-8"?>
<!DOCTYPE html PUBLIC "-//W3C//DTD XHTML 1.0 Transitional//EN"
    "http://www.w3.org/TR/xhtml1/DTD/xhtml1-transitional.dtd">
<html xmlns="http://www.w3.org/1999/xhtml" xml:lang="en" lang="en">
 <head>
  <title>
</title>
<meta http-equiv="Content-Type" content="text/html;charset=utf-8" />
  <meta name='ocr-system' content='tesseract 3.04.00' />
  <meta name='ocr-capabilities' content='ocr_page ocr_carea ocr_par ocr_line ocrx_word'/>
</head>
<body>
  <div class='ocr_page' id='page_1' title='image "./deveritatecathol00thomuoft_0025.png"; bbox 0 0 1838 3227; ppageno 0'>
   <div class='ocr_carea' id='block_1_1' title="bbox 387 69 1658 133">
    <p class='ocr_par' dir='ltr' id='par_1_1' title="bbox 387 69 1658 133">
     <span class='ocr_line' id='line_1_1' title="bbox 387 69 1658 133; baseline -0.002 -1"><span class='ocrx_word' id='word_1_1' title='bbox 387 95 525 133; x_wconf 85' lang='lat' dir='ltr'><strong>BERN.</strong></span> <span class='ocrx_word' id='word_1_2' title='bbox 551 94 707 131; x_wconf 77' lang='lat' dir='ltr'><strong>MARIAE</strong></span> <span class='ocrx_word' id='word_1_3' title='bbox 733 95 793 131; x_wconf 88' lang='lat' dir='ltr'><strong>DE</strong></span> <span class='ocrx_word' id='word_1_4' title='bbox 817 93 984 131; x_wconf 86' lang='lat' dir='ltr'>RUBEIS</span> <span class='ocrx_word' id='word_1_5' title='bbox 1010 69 1320 129; x_wconf 64' lang='lat' dir='ltr'><strong>DlssERTATlo.</strong></span> <span class='ocrx_word' id='word_1_6' title='bbox 1601 94 1658 129; x_wconf 82' lang='lat' dir='ltr'><strong>XV</strong></span> 
     </span>
    </p>
   </div>
   <div class='ocr_carea' id='block_1_2' title="bbox 0 192 1664 2878">
    <p class='ocr_par' dir='ltr' id='par_1_2' title="bbox 0 192 1663 1210">
     <span class='ocr_line' id='line_1_2' title="bbox 39 192 1655 245; baseline -0.004 -9"><span class='ocrx_word' id='word_1_7' title='bbox 39 195 235 243; x_wconf 82' lang='lat' dir='ltr'><em>docibiles,</em></span> <span class='ocrx_word' id='word_1_8' title='bbox 250 195 348 236; x_wconf 88' lang='lat' dir='ltr'><strong>alibi</strong></span> <span class='ocrx_word' id='word_1_9' title='bbox 371 207 381 235; x_wconf 90' lang='lat'><strong>:</strong></span> <span class='ocrx_word' id='word_1_10' title='bbox 402 194 507 235; x_wconf 85' lang='lat' dir='ltr'><strong>velut</strong></span> <span class='ocrx_word' id='word_1_11' title='bbox 527 193 606 234; x_wconf 88' lang='lat' dir='ltr'><strong>Deo</strong></span> <span class='ocrx_word' id='word_1_12' title='bbox 622 193 773 245; x_wconf 66' lang='lat' dir='ltr'><strong>diqnas.</strong></span> <span class='ocrx_word' id='word_1_13' title='bbox 788 193 850 233; x_wconf 82' lang='lat' dir='ltr'><strong>Ita</strong></span> <span class='ocrx_word' id='word_1_14' title='bbox 870 193 1025 245; x_wconf 84' lang='lat' dir='ltr'><strong>legitur</strong></span> <span class='ocrx_word' id='word_1_15' title='bbox 1045 193 1087 231; x_wconf 89' lang='lat' dir='ltr'><strong>in</strong></span> <span class='ocrx_word' id='word_1_16' title='bbox 1110 204 1201 232; x_wconf 78' lang='lat' dir='ltr'><strong>can.</strong></span> <span class='ocrx_word' id='word_1_17' title='bbox 1216 195 1241 232; x_wconf 75' lang='lat'>4</span> <span class='ocrx_word' id='word_1_18' title='bbox 1258 192 1466 243; x_wconf 71' lang='lat' dir='ltr'><strong>ephesium</strong></span> <span class='ocrx_word' id='word_1_19' title='bbox 1482 192 1655 243; x_wconf 88' lang='lat' dir='ltr'><strong>Synodi,</strong></span> 
     </span>
     <span class='ocr_line' id='line_1_3' title="bbox 42 247 1658 307; baseline -0.004 -6"><span class='ocrx_word' id='word_1_20' title='bbox 42 261 155 302; x_wconf 87' lang='lat' dir='ltr'><strong>unde</strong></span> <span class='ocrx_word' id='word_1_21' title='bbox 174 259 379 300; x_wconf 84' lang='lat' dir='ltr'><strong>sententia</strong></span> <span class='ocrx_word' id='word_1_22' title='bbox 397 258 478 299; x_wconf 81' lang='lat' dir='ltr'><strong>fuit</strong></span> <span class='ocrx_word' id='word_1_23' title='bbox 496 270 519 298; x_wconf 87' lang='lat' dir='ltr'><strong>a</strong></span> <span class='ocrx_word' id='word_1_24' title='bbox 538 258 578 298; x_wconf 92' lang='lat' dir='ltr'><strong>S.</strong></span> <span class='ocrx_word' id='word_1_25' title='bbox 595 247 755 297; x_wconf 86' lang='lat' dir='ltr'><strong>Thoma</strong></span> <span class='ocrx_word' id='word_1_26' title='bbox 774 259 1011 297; x_wconf 86' lang='lat' dir='ltr'><strong>extracta».</strong></span> <span class='ocrx_word' id='word_1_27' title='bbox 1026 257 1481 307; x_wconf 80' lang='lat' dir='ltr'><strong>CorrigereLucarinus</strong></span> <span class='ocrx_word' id='word_1_28' title='bbox 1494 255 1658 295; x_wconf 88' lang='lat' dir='ltr'><strong>debuis-</strong></span> 
     </span>
     <span class='ocr_line' id='line_1_4' title="bbox 42 321 1655 373; baseline -0.004 -7"><span class='ocrx_word' id='word_1_29' title='bbox 42 328 120 373; x_wconf 82' lang='lat' dir='ltr'><strong>set,</strong></span> <span class='ocrx_word' id='word_1_30' title='bbox 140 322 313 364; x_wconf 76' lang='lat' dir='ltr'><em>decibiles</em></span> <span class='ocrx_word' id='word_1_31' title='bbox 329 334 347 373; x_wconf 88' lang='lat'><em>;</em></span> <span class='ocrx_word' id='word_1_32' title='bbox 364 323 418 362; x_wconf 91' lang='lat' dir='ltr'><strong>al.</strong></span> <span class='ocrx_word' id='word_1_33' title='bbox 441 321 626 370; x_wconf 74' lang='lat' dir='ltr'><strong>decibiles,</strong></span> <span class='ocrx_word' id='word_1_34' title='bbox 644 325 691 361; x_wconf 88' lang='lat' dir='ltr'><strong>ut</strong></span> <span class='ocrx_word' id='word_1_35' title='bbox 710 322 803 361; x_wconf 91' lang='lat' dir='ltr'><strong>loco</strong></span> <span class='ocrx_word' id='word_1_36' title='bbox 820 322 948 361; x_wconf 85' lang='lat' dir='ltr'><strong>citato</strong></span> <span class='ocrx_word' id='word_1_37' title='bbox 966 321 1018 360; x_wconf 91' lang='lat'><strong>111</strong></span> <span class='ocrx_word' id='word_1_38' title='bbox 1034 334 1073 371; x_wconf 90' lang='lat' dir='ltr'><strong>p.</strong></span> <span class='ocrx_word' id='word_1_39' title='bbox 1090 321 1282 360; x_wconf 85' lang='lat' dir='ltr'><strong>habetur.</strong></span> <span class='ocrx_word' id='word_1_40' title='bbox 1295 321 1449 359; x_wconf 79' lang='lat' dir='ltr'><strong>&#39;sextus</strong></span> <span class='ocrx_word' id='word_1_41' title='bbox 1466 331 1626 372; x_wconf 72' lang='lat' dir='ltr'><strong>grzecus</strong></span> <span class='ocrx_word' id='word_1_42' title='bbox 1645 332 1655 360; x_wconf 94' lang='lat'>:</span> 
     </span>
     <span class='ocr_line' id='line_1_5' title="bbox 43 379 1658 439; baseline -0.002 -12"><span class='ocrx_word' id='word_1_43' title='bbox 43 393 103 434; x_wconf 65' lang='grc' dir='ltr'><strong>τὰς</strong></span> <span class='ocrx_word' id='word_1_44' title='bbox 124 389 159 427; x_wconf 76' lang='grc' dir='ltr'><strong>δὲ</strong></span> <span class='ocrx_word' id='word_1_45' title='bbox 179 395 219 432; x_wconf 75' lang='grc' dir='ltr'><strong>ὡς</strong></span> <span class='ocrx_word' id='word_1_46' title='bbox 242 393 427 439; x_wconf 70' lang='grc' dir='ltr'>οεοπριπεῖς,</span> <span class='ocrx_word' id='word_1_47' title='bbox 450 400 469 424; x_wconf 91' lang='lat'>«</span> <span class='ocrx_word' id='word_1_48' title='bbox 490 397 625 435; x_wconf 88' lang='lat' dir='ltr'><strong>voces,</strong></span> <span class='ocrx_word' id='word_1_49' title='bbox 646 389 850 436; x_wconf 80' lang='lat' dir='ltr'><strong>tanquam</strong></span> <span class='ocrx_word' id='word_1_50' title='bbox 874 387 960 425; x_wconf 93' lang='lat' dir='ltr'><strong>Deo</strong></span> <span class='ocrx_word' id='word_1_51' title='bbox 982 399 1000 422; x_wconf 88' lang='lat'>»</span> <span class='ocrx_word' id='word_1_52' title='bbox 1021 389 1063 424; x_wconf 87' lang='lat' dir='ltr'><strong>et</strong></span> <span class='ocrx_word' id='word_1_53' title='bbox 1082 385 1230 424; x_wconf 80' lang='lat' dir='ltr'><strong>divinae</strong></span> <span class='ocrx_word' id='word_1_54' title='bbox 1245 379 1451 436; x_wconf 85' lang='lat' dir='ltr'><strong>majestati</strong></span> <span class='ocrx_word' id='word_1_55' title='bbox 1471 399 1490 419; x_wconf 92' lang='lat'>«</span> <span class='ocrx_word' id='word_1_56' title='bbox 1510 380 1658 424; x_wconf 83' lang='lat' dir='ltr'><strong>decen-</strong></span> 
     </span>
     <span class='ocr_line' id='line_1_6' title="bbox 43 449 1657 502; baseline -0.002 -10"><span class='ocrx_word' id='word_1_57' title='bbox 43 455 124 502; x_wconf 82' lang='lat' dir='ltr'><strong>tes,</strong></span> <span class='ocrx_word' id='word_1_58' title='bbox 146 451 455 500; x_wconf 85' lang='lat' dir='ltr'><strong>convenientes,</strong></span> <span class='ocrx_word' id='word_1_59' title='bbox 470 451 616 502; x_wconf 86' lang='lat' dir='ltr'><strong>dignas</strong></span> <span class='ocrx_word' id='word_1_60' title='bbox 637 464 674 489; x_wconf 78' lang='lat' dir='ltr'><strong>n.</strong></span> <span class='ocrx_word' id='word_1_61' title='bbox 699 451 786 490; x_wconf 88' lang='lat' dir='ltr'><strong>Hoc</strong></span> <span class='ocrx_word' id='word_1_62' title='bbox 805 451 946 490; x_wconf 90' lang='lat' dir='ltr'><strong>locum</strong></span> <span class='ocrx_word' id='word_1_63' title='bbox 969 450 1028 489; x_wconf 90' lang='lat' dir='ltr'><strong>sic</strong></span> <span class='ocrx_word' id='word_1_64' title='bbox 1049 450 1206 489; x_wconf 81' lang='lat' dir='ltr'><strong>indicat</strong></span> <span class='ocrx_word' id='word_1_65' title='bbox 1225 449 1408 500; x_wconf 86' lang='lat' dir='ltr'><strong>Aquinas</strong></span> <span class='ocrx_word' id='word_1_66' title='bbox 1430 449 1473 487; x_wconf 92' lang='lat' dir='ltr'><strong>in</strong></span> <span class='ocrx_word' id='word_1_67' title='bbox 1492 449 1574 488; x_wconf 89' lang='lat' dir='ltr'><strong>hoc</strong></span> <span class='ocrx_word' id='word_1_68' title='bbox 1604 450 1657 490; x_wconf 89' lang='lat'><strong>38</strong></span> 
     </span>
     <span class='ocr_line' id='line_1_7' title="bbox 44 508 1657 567; baseline -0.001 -11"><span class='ocrx_word' id='word_1_69' title='bbox 44 516 180 567; x_wconf 90' lang='lat' dir='ltr'><strong>capite</strong></span> <span class='ocrx_word' id='word_1_70' title='bbox 201 516 292 556; x_wconf 86' lang='lat' dir='ltr'><strong>libri</strong></span> <span class='ocrx_word' id='word_1_71' title='bbox 312 527 355 555; x_wconf 87' lang='lat' dir='ltr'><strong>1v</strong></span> <span class='ocrx_word' id='word_1_72' title='bbox 374 521 510 555; x_wconf 85' lang='lat' dir='ltr'><strong>contra</strong></span> <span class='ocrx_word' id='word_1_73' title='bbox 530 514 665 555; x_wconf 82' lang='lat' dir='ltr'><em>Gentes</em></span> <span class='ocrx_word' id='word_1_74' title='bbox 686 526 700 554; x_wconf 92' lang='lat'><em>:</em></span> <span class='ocrx_word' id='word_1_75' title='bbox 725 529 742 551; x_wconf 76' lang='grc' dir='ltr'><strong>(ι</strong></span> <span class='ocrx_word' id='word_1_76' title='bbox 765 515 882 562; x_wconf 86' lang='lat' dir='ltr'><strong>Quod</strong></span> <span class='ocrx_word' id='word_1_77' title='bbox 902 520 962 554; x_wconf 82' lang='lat' dir='ltr'><strong>est</strong></span> <span class='ocrx_word' id='word_1_78' title='bbox 984 518 1129 554; x_wconf 86' lang='lat' dir='ltr'><strong>contra</strong></span> <span class='ocrx_word' id='word_1_79' title='bbox 1161 514 1412 554; x_wconf 78' lang='lat' dir='ltr'><strong>sententiam</strong></span> <span class='ocrx_word' id='word_1_80' title='bbox 1445 514 1584 565; x_wconf 90' lang='lat' dir='ltr'><strong>Cyrilli</strong></span> <span class='ocrx_word' id='word_1_81' title='bbox 1613 508 1657 554; x_wconf 90' lang='lat' dir='ltr'><strong>in</strong></span> 
     </span>
     <span class='ocr_line' id='line_1_8' title="bbox 0 579 1660 632; baseline -0.001 -11"><span class='ocrx_word' id='word_1_82' title='bbox 0 596 1 607; x_wconf 57' lang='lat'>¹</span> <span class='ocrx_word' id='word_1_83' title='bbox 43 579 215 631; x_wconf 87' lang='lat' dir='ltr'><strong>Synodo</strong></span> <span class='ocrx_word' id='word_1_84' title='bbox 235 580 463 632; x_wconf 88' lang='lat' dir='ltr'><strong>(ephesina)</strong></span> <span class='ocrx_word' id='word_1_85' title='bbox 483 579 773 620; x_wconf 77' lang='lat' dir='ltr'><strong>confirmatam</strong></span> <span class='ocrx_word' id='word_1_86' title='bbox 795 580 969 619; x_wconf 84' lang='lat' dir='ltr'><strong>dicentis</strong></span> <span class='ocrx_word' id='word_1_87' title='bbox 990 592 1035 626; x_wconf 88' lang='lat'><strong>»;</strong></span> <span class='ocrx_word' id='word_1_88' title='bbox 1056 584 1098 619; x_wconf 89' lang='lat' dir='ltr'><strong>et</strong></span> <span class='ocrx_word' id='word_1_89' title='bbox 1118 581 1169 619; x_wconf 96' lang='lat' dir='ltr'><strong>III</strong></span> <span class='ocrx_word' id='word_1_90' title='bbox 1191 593 1231 630; x_wconf 88' lang='lat' dir='ltr'><strong>p.</strong></span> <span class='ocrx_word' id='word_1_91' title='bbox 1254 592 1325 631; x_wconf 87' lang='lat' dir='ltr'><strong>qu.</strong></span> <span class='ocrx_word' id='word_1_92' title='bbox 1348 591 1391 628; x_wconf 90' lang='lat'><strong>11,</strong></span> <span class='ocrx_word' id='word_1_93' title='bbox 1412 585 1491 618; x_wconf 88' lang='lat' dir='ltr'><strong>art.</strong></span> <span class='ocrx_word' id='word_1_94' title='bbox 1506 580 1545 628; x_wconf 90' lang='lat'><strong>3,</strong></span> <span class='ocrx_word' id='word_1_95' title='bbox 1565 593 1585 616; x_wconf 91' lang='lat'>«</span> <span class='ocrx_word' id='word_1_96' title='bbox 1607 580 1660 620; x_wconf 87' lang='lat' dir='ltr'><strong>Et</strong></span> 
     </span>
     <span class='ocr_line' id='line_1_9' title="bbox 43 642 1660 694; baseline -0.001 -9"><span class='ocrx_word' id='word_1_97' title='bbox 43 644 126 685; x_wconf 88' lang='lat' dir='ltr'><strong>hoc</strong></span> <span class='ocrx_word' id='word_1_98' title='bbox 146 646 272 684; x_wconf 87' lang='lat' dir='ltr'><strong>etiam</strong></span> <span class='ocrx_word' id='word_1_99' title='bbox 294 649 356 684; x_wconf 90' lang='lat' dir='ltr'><strong>est</strong></span> <span class='ocrx_word' id='word_1_100' title='bbox 376 646 639 692; x_wconf 85' lang='lat' dir='ltr'><strong>damnatum,</strong></span> <span class='ocrx_word' id='word_1_101' title='bbox 662 643 920 694; x_wconf 76' lang='lat' dir='ltr'><strong>approbante</strong></span> <span class='ocrx_word' id='word_1_102' title='bbox 943 644 1127 684; x_wconf 85' lang='lat' dir='ltr'><strong>Concilio</strong></span> <span class='ocrx_word' id='word_1_103' title='bbox 1149 644 1345 694; x_wconf 84' lang='lat' dir='ltr'><strong>ephesino</strong></span> <span class='ocrx_word' id='word_1_104' title='bbox 1368 659 1406 682; x_wconf 89' lang='lat'><strong>».</strong></span> <span class='ocrx_word' id='word_1_105' title='bbox 1428 642 1660 694; x_wconf 78' lang='lat' dir='ltr'><strong>Utrobique</strong></span> 
     </span>
     <span class='ocr_line' id='line_1_10' title="bbox 43 707 1660 759; baseline -0.001 -11"><span class='ocrx_word' id='word_1_106' title='bbox 43 719 139 749; x_wconf 88' lang='lat' dir='ltr'><strong>vere</strong></span> <span class='ocrx_word' id='word_1_107' title='bbox 171 711 214 748; x_wconf 87' lang='lat' dir='ltr'><strong>et</strong></span> <span class='ocrx_word' id='word_1_108' title='bbox 245 708 460 758; x_wconf 88' lang='lat' dir='ltr'><strong>apposite;</strong></span> <span class='ocrx_word' id='word_1_109' title='bbox 490 709 696 748; x_wconf 85' lang='lat' dir='ltr'><strong>sententia</strong></span> <span class='ocrx_word' id='word_1_110' title='bbox 729 720 913 759; x_wconf 86' lang='lat' dir='ltr'><strong>namque</strong></span> <span class='ocrx_word' id='word_1_111' title='bbox 943 712 1110 759; x_wconf 84' lang='lat' dir='ltr'><strong>sumpta</strong></span> <span class='ocrx_word' id='word_1_112' title='bbox 1142 712 1204 748; x_wconf 88' lang='lat' dir='ltr'><strong>est</strong></span> <span class='ocrx_word' id='word_1_113' title='bbox 1239 720 1289 748; x_wconf 83' lang='lat' dir='ltr'><strong>cx</strong></span> <span class='ocrx_word' id='word_1_114' title='bbox 1321 707 1660 748; x_wconf 79' lang='lat' dir='ltr'><strong>Anatlzematismo</strong></span> 
     </span>
     <span class='ocr_line' id='line_1_11' title="bbox 42 772 1658 826; baseline 0.001 -15"><span class='ocrx_word' id='word_1_115' title='bbox 42 778 186 826; x_wconf 81' lang='lat' dir='ltr'><strong>quarto</strong></span> <span class='ocrx_word' id='word_1_116' title='bbox 202 772 243 812; x_wconf 91' lang='lat' dir='ltr'><strong>S.</strong></span> <span class='ocrx_word' id='word_1_117' title='bbox 268 773 407 823; x_wconf 77' lang='lat' dir='ltr'><strong>Cyrilli</strong></span> <span class='ocrx_word' id='word_1_118' title='bbox 425 773 708 822; x_wconf 79' lang='lat' dir='ltr'><strong>Alexandrini,</strong></span> <span class='ocrx_word' id='word_1_119' title='bbox 737 774 779 812; x_wconf 90' lang='lat' dir='ltr'><strong>in</strong></span> <span class='ocrx_word' id='word_1_120' title='bbox 810 773 1016 822; x_wconf 86' lang='lat' dir='ltr'><strong>Ephesina</strong></span> <span class='ocrx_word' id='word_1_121' title='bbox 1042 773 1200 824; x_wconf 83' lang='lat' dir='ltr'><strong>synodo</strong></span> <span class='ocrx_word' id='word_1_122' title='bbox 1222 783 1320 812; x_wconf 91' lang='lat' dir='ltr'><strong>cum</strong></span> <span class='ocrx_word' id='word_1_123' title='bbox 1353 772 1516 812; x_wconf 76' lang='lat' dir='ltr'><strong>caeteris</strong></span> <span class='ocrx_word' id='word_1_124' title='bbox 1548 773 1658 812; x_wconf 86' lang='lat' dir='ltr'><strong>Ana·</strong></span> 
     </span>
     <span class='ocr_line' id='line_1_12' title="bbox 44 834 1660 887; baseline -0.001 -10"><span class='ocrx_word' id='word_1_125' title='bbox 44 836 320 878; x_wconf 86' lang='lat' dir='ltr'><strong>thematismis</strong></span> <span class='ocrx_word' id='word_1_126' title='bbox 340 837 585 887; x_wconf 83' lang='lat' dir='ltr'><strong>approbato.</strong></span> <span class='ocrx_word' id='word_1_127' title='bbox 607 837 746 887; x_wconf 83' lang='lat' dir='ltr'><strong>Capite</strong></span> <span class='ocrx_word' id='word_1_128' title='bbox 766 838 816 875; x_wconf 89' lang='lat'><strong>83</strong></span> <span class='ocrx_word' id='word_1_129' title='bbox 834 849 843 875; x_wconf 75' lang='grc' dir='ltr'><strong><em>ε</em></strong></span> <span class='ocrx_word' id='word_1_130' title='bbox 863 851 883 871; x_wconf 89' lang='lat'>«</span> <span class='ocrx_word' id='word_1_131' title='bbox 904 838 1025 876; x_wconf 86' lang='lat' dir='ltr'><strong>Patet</strong></span> <span class='ocrx_word' id='word_1_132' title='bbox 1044 836 1215 886; x_wconf 92' lang='lat' dir='ltr'><strong>quidem</strong></span> <span class='ocrx_word' id='word_1_133' title='bbox 1239 849 1248 875; x_wconf 88' lang='lat'>:</span> <span class='ocrx_word' id='word_1_134' title='bbox 1271 834 1318 875; x_wconf 91' lang='lat' dir='ltr'><strong>In</strong></span> <span class='ocrx_word' id='word_1_135' title='bbox 1339 835 1412 875; x_wconf 77' lang='lat' dir='ltr'><strong>hac</strong></span> <span class='ocrx_word' id='word_1_136' title='bbox 1430 841 1558 875; x_wconf 85' lang='lat' dir='ltr'><strong>autem</strong></span> <span class='ocrx_word' id='word_1_137' title='bbox 1575 836 1660 877; x_wconf 78' lang='lat' dir='ltr'><strong>vita</strong></span> 
     </span>
     <span class='ocr_line' id='line_1_13' title="bbox 45 900 1663 953; baseline 0.001 -14"><span class='ocrx_word' id='word_1_138' title='bbox 45 900 310 940; x_wconf 78' lang='lat' dir='ltr'><strong>inordinatum</strong></span> <span class='ocrx_word' id='word_1_139' title='bbox 329 906 366 941; x_wconf 87' lang='lat' dir='ltr'><strong>et</strong></span> <span class='ocrx_word' id='word_1_140' title='bbox 383 901 558 940; x_wconf 78' lang='lat' dir='ltr'><strong>vitiosum</strong></span> <span class='ocrx_word' id='word_1_141' title='bbox 578 907 647 948; x_wconf 90' lang='lat' dir='ltr'><strong>est,</strong></span> <span class='ocrx_word' id='word_1_142' title='bbox 669 901 801 953; x_wconf 79' lang='lat' dir='ltr'><strong>siquis</strong></span> <span class='ocrx_word' id='word_1_143' title='bbox 821 900 912 939; x_wconf 75' lang='lat' dir='ltr'><strong>cibis</strong></span> <span class='ocrx_word' id='word_1_144' title='bbox 931 907 969 940; x_wconf 87' lang='lat' dir='ltr'><strong>et</strong></span> <span class='ocrx_word' id='word_1_145' title='bbox 988 901 1155 940; x_wconf 80' lang='lat' dir='ltr'><strong>venereis</strong></span> <span class='ocrx_word' id='word_1_146' title='bbox 1174 906 1310 939; x_wconf 84' lang='lat' dir='ltr'><strong>utatur</strong></span> <span class='ocrx_word' id='word_1_147' title='bbox 1324 906 1491 953; x_wconf 80' lang='lat' dir='ltr'><strong>propter</strong></span> <span class='ocrx_word' id='word_1_148' title='bbox 1507 901 1663 941; x_wconf 78' lang='lat' dir='ltr'><strong>necessi-</strong></span> 
     </span>
     <span class='ocr_line' id='line_1_14' title="bbox 46 964 1659 1019; baseline 0.001 -14"><span class='ocrx_word' id='word_1_149' title='bbox 46 971 165 1006; x_wconf 81' lang='lat' dir='ltr'><strong>tatem</strong></span> <span class='ocrx_word' id='word_1_150' title='bbox 202 965 446 1006; x_wconf 72' lang='lat' dir='ltr'><strong>sustentandi</strong></span> <span class='ocrx_word' id='word_1_151' title='bbox 476 965 649 1017; x_wconf 83' lang='lat' dir='ltr'><strong>corporis</strong></span> <span class='ocrx_word' id='word_1_152' title='bbox 680 965 741 1004; x_wconf 80' lang='lat' dir='ltr'><strong>cel</strong></span> <span class='ocrx_word' id='word_1_153' title='bbox 779 964 901 1017; x_wconf 82' lang='lat' dir='ltr'><strong>prolis</strong></span> <span class='ocrx_word' id='word_1_154' title='bbox 944 964 1162 1006; x_wconf 80' lang='lat' dir='ltr'><strong>educandae.</strong></span> <span class='ocrx_word' id='word_1_155' title='bbox 1196 967 1304 1018; x_wconf 84' lang='lat' dir='ltr'><strong>Lege</strong></span> <span class='ocrx_word' id='word_1_156' title='bbox 1339 972 1504 1019; x_wconf 80' lang='lat' dir='ltr'><strong>propter</strong></span> <span class='ocrx_word' id='word_1_157' title='bbox 1534 966 1659 1006; x_wconf 82' lang='lat' dir='ltr'><strong>solam</strong></span> 
     </span>
     <span class='ocr_line' id='line_1_15' title="bbox 44 1029 1662 1083; baseline 0.001 -12"><span class='ocrx_word' id='word_1_158' title='bbox 44 1029 348 1080; x_wconf 80' lang='lat' dir='ltr'><strong>delectationem,</strong></span> <span class='ocrx_word' id='word_1_159' title='bbox 374 1042 450 1069; x_wconf 86' lang='lat' dir='ltr'><strong>non</strong></span> <span class='ocrx_word' id='word_1_160' title='bbox 475 1035 640 1083; x_wconf 84' lang='lat' dir='ltr'><strong>propter</strong></span> <span class='ocrx_word' id='word_1_161' title='bbox 668 1031 941 1077; x_wconf 78' lang='lat' dir='ltr'><strong>necessitatem,</strong></span> <span class='ocrx_word' id='word_1_162' title='bbox 963 1036 1022 1070; x_wconf 84' lang='lat' dir='ltr'><strong>etc</strong></span> <span class='ocrx_word' id='word_1_163' title='bbox 1040 1044 1078 1071; x_wconf 86' lang='lat'><strong>».</strong></span> <span class='ocrx_word' id='word_1_164' title='bbox 1100 1031 1162 1071; x_wconf 85' lang='lat' dir='ltr'><strong>Ita</strong></span> <span class='ocrx_word' id='word_1_165' title='bbox 1194 1030 1347 1083; x_wconf 85' lang='lat' dir='ltr'><strong>legitur</strong></span> <span class='ocrx_word' id='word_1_166' title='bbox 1380 1031 1425 1070; x_wconf 89' lang='lat' dir='ltr'><strong>in</strong></span> <span class='ocrx_word' id='word_1_167' title='bbox 1451 1030 1662 1072; x_wconf 87' lang='lat' dir='ltr'><strong>veteribus</strong></span> 
     </span>
     <span class='ocr_line' id='line_1_16' title="bbox 47 1095 1662 1147; baseline 0 -11"><span class='ocrx_word' id='word_1_168' title='bbox 47 1095 373 1146; x_wconf 85' lang='lat' dir='ltr'><strong>exemplaribus.</strong></span> <span class='ocrx_word' id='word_1_169' title='bbox 392 1095 454 1135; x_wconf 88' lang='lat' dir='ltr'><strong>Ita</strong></span> <span class='ocrx_word' id='word_1_170' title='bbox 484 1095 612 1135; x_wconf 88' lang='lat' dir='ltr'><strong>etiam</strong></span> <span class='ocrx_word' id='word_1_171' title='bbox 644 1095 870 1147; x_wconf 87' lang='lat' dir='ltr'><strong>legendum</strong></span> <span class='ocrx_word' id='word_1_172' title='bbox 903 1107 989 1135; x_wconf 86' lang='lat' dir='ltr'><strong>esse</strong></span> <span class='ocrx_word' id='word_1_173' title='bbox 1022 1095 1234 1147; x_wconf 78' lang='lat' dir='ltr'><strong>colligitur</strong></span> <span class='ocrx_word' id='word_1_174' title='bbox 1266 1108 1316 1136; x_wconf 79' lang='lat' dir='ltr'><strong>ex</strong></span> <span class='ocrx_word' id='word_1_175' title='bbox 1351 1096 1662 1136; x_wconf 79' lang='lat' dir='ltr'><strong>Commentario</strong></span> 
     </span>
     <span class='ocr_line' id='line_1_17' title="bbox 48 1159 1659 1210; baseline 0 -10"><span class='ocrx_word' id='word_1_176' title='bbox 48 1159 335 1200; x_wconf 84' lang='lat' dir='ltr'><strong>Ferrariensis.</strong></span> <span class='ocrx_word' id='word_1_177' title='bbox 360 1159 561 1199; x_wconf 90' lang='lat' dir='ltr'><strong>Mendum</strong></span> <span class='ocrx_word' id='word_1_178' title='bbox 580 1159 746 1210; x_wconf 88' lang='lat' dir='ltr'><strong>irrepsit</strong></span> <span class='ocrx_word' id='word_1_179' title='bbox 763 1159 807 1199; x_wconf 92' lang='lat' dir='ltr'><strong>in</strong></span> <span class='ocrx_word' id='word_1_180' title='bbox 827 1163 1006 1209; x_wconf 77' lang='lat' dir='ltr'><strong>textum,</strong></span> <span class='ocrx_word' id='word_1_181' title='bbox 1029 1163 1194 1200; x_wconf 84' lang='lat' dir='ltr'><strong>errante</strong></span> <span class='ocrx_word' id='word_1_182' title='bbox 1214 1171 1263 1200; x_wconf 90' lang='lat' dir='ltr'><strong>ac</strong></span> <span class='ocrx_word' id='word_1_183' title='bbox 1279 1159 1498 1200; x_wconf 84' lang='lat' dir='ltr'><strong>deficiente</strong></span> <span class='ocrx_word' id='word_1_184' title='bbox 1513 1160 1659 1210; x_wconf 84' lang='lat' dir='ltr'><strong>praelo.</strong></span> 
     </span>
    </p>

    <p class='ocr_par' dir='ltr' id='par_1_3' title="bbox 44 1223 1664 1855">
     <span class='ocr_line' id='line_1_18' title="bbox 98 1223 1662 1276; baseline 0.001 -13"><span class='ocrx_word' id='word_1_185' title='bbox 98 1224 150 1264; x_wconf 90' lang='lat'><strong>11.</strong></span> <span class='ocrx_word' id='word_1_186' title='bbox 171 1224 461 1264; x_wconf 85' lang='lat' dir='ltr'><strong>Praestentiam</strong></span> <span class='ocrx_word' id='word_1_187' title='bbox 481 1224 620 1275; x_wconf 88' lang='lat' dir='ltr'><strong>operis</strong></span> <span class='ocrx_word' id='word_1_188' title='bbox 640 1225 737 1264; x_wconf 85' lang='lat' dir='ltr'><strong>satis</strong></span> <span class='ocrx_word' id='word_1_189' title='bbox 757 1225 945 1265; x_wconf 90' lang='lat' dir='ltr'><strong>indicant</strong></span> <span class='ocrx_word' id='word_1_190' title='bbox 959 1225 1134 1265; x_wconf 82' lang='lat' dir='ltr'><strong>exoticae</strong></span> <span class='ocrx_word' id='word_1_191' title='bbox 1148 1225 1357 1264; x_wconf 85' lang='lat' dir='ltr'><strong>versiones</strong></span> <span class='ocrx_word' id='word_1_192' title='bbox 1372 1224 1478 1276; x_wconf 82' lang='lat' dir='ltr'><strong>ejus.</strong></span> <span class='ocrx_word' id='word_1_193' title='bbox 1495 1223 1662 1264; x_wconf 81' lang='lat' dir='ltr'><strong>Hebrai-</strong></span> 
     </span>
     <span class='ocr_line' id='line_1_19' title="bbox 49 1288 1663 1340; baseline -0.002 -9"><span class='ocrx_word' id='word_1_194' title='bbox 49 1300 144 1331; x_wconf 88' lang='lat' dir='ltr'><strong>cam</strong></span> <span class='ocrx_word' id='word_1_195' title='bbox 166 1288 302 1340; x_wconf 89' lang='lat' dir='ltr'><strong>primo</strong></span> <span class='ocrx_word' id='word_1_196' title='bbox 331 1289 425 1328; x_wconf 90' lang='lat' dir='ltr'><strong>loco</strong></span> <span class='ocrx_word' id='word_1_197' title='bbox 458 1299 667 1338; x_wconf 89' lang='lat' dir='ltr'><strong>memoro,</strong></span> <span class='ocrx_word' id='word_1_198' title='bbox 703 1301 831 1340; x_wconf 86' lang='lat' dir='ltr'><strong>quam</strong></span> <span class='ocrx_word' id='word_1_199' title='bbox 862 1289 1068 1340; x_wconf 89' lang='lat' dir='ltr'><strong>Josephus</strong></span> <span class='ocrx_word' id='word_1_200' title='bbox 1094 1289 1224 1330; x_wconf 89' lang='lat' dir='ltr'><strong>Maria</strong></span> <span class='ocrx_word' id='word_1_201' title='bbox 1256 1289 1432 1338; x_wconf 87' lang='lat' dir='ltr'><strong>Ciantes‚</strong></span> <span class='ocrx_word' id='word_1_202' title='bbox 1463 1288 1663 1340; x_wconf 87' lang='lat' dir='ltr'><strong>patricius</strong></span> 
     </span>
     <span class='ocr_line' id='line_1_20' title="bbox 47 1353 1659 1403; baseline -0.001 -9"><span class='ocrx_word' id='word_1_203' title='bbox 47 1365 265 1403; x_wconf 85' lang='lat' dir='ltr'><strong>romanus,</strong></span> <span class='ocrx_word' id='word_1_204' title='bbox 287 1353 897 1393; x_wconf 82' lang='lat' dir='ltr'><strong>MinervitaniPraedicatorum</strong></span> <span class='ocrx_word' id='word_1_205' title='bbox 915 1353 1080 1394; x_wconf 87' lang='lat' dir='ltr'><strong>Ordinis</strong></span> <span class='ocrx_word' id='word_1_206' title='bbox 1109 1353 1289 1394; x_wconf 89' lang='lat' dir='ltr'><strong>coenobii</strong></span> <span class='ocrx_word' id='word_1_207' title='bbox 1309 1354 1523 1403; x_wconf 84' lang='lat' dir='ltr'><strong>alumnus,</strong></span> <span class='ocrx_word' id='word_1_208' title='bbox 1559 1364 1659 1393; x_wconf 90' lang='lat' dir='ltr'><strong>con-</strong></span> 
     </span>
     <span class='ocr_line' id='line_1_21' title="bbox 50 1417 1662 1471; baseline 0 -13"><span class='ocrx_word' id='word_1_209' title='bbox 50 1418 251 1458; x_wconf 86' lang='lat' dir='ltr'><strong>cinnavit.</strong></span> <span class='ocrx_word' id='word_1_210' title='bbox 267 1418 390 1469; x_wconf 85' lang='lat' dir='ltr'><strong>Typis</strong></span> <span class='ocrx_word' id='word_1_211' title='bbox 411 1429 459 1457; x_wconf 86' lang='lat' dir='ltr'><strong>ea</strong></span> <span class='ocrx_word' id='word_1_212' title='bbox 473 1418 617 1458; x_wconf 87' lang='lat' dir='ltr'><strong>Romae</strong></span> <span class='ocrx_word' id='word_1_213' title='bbox 628 1418 795 1469; x_wconf 81' lang='lat' dir='ltr'><strong>vulgata</strong></span> <span class='ocrx_word' id='word_1_214' title='bbox 808 1421 885 1466; x_wconf 88' lang='lat' dir='ltr'><strong>est,</strong></span> <span class='ocrx_word' id='word_1_215' title='bbox 904 1430 1014 1458; x_wconf 82' lang='lat' dir='ltr'><strong>anno</strong></span> <span class='ocrx_word' id='word_1_216' title='bbox 1034 1420 1151 1467; x_wconf 82' lang='lat'><strong>1571,</strong></span> <span class='ocrx_word' id='word_1_217' title='bbox 1168 1430 1217 1458; x_wconf 88' lang='lat' dir='ltr'><strong>ex</strong></span> <span class='ocrx_word' id='word_1_218' title='bbox 1229 1418 1504 1471; x_wconf 79' lang='lat' dir='ltr'><strong>typographia</strong></span> <span class='ocrx_word' id='word_1_219' title='bbox 1517 1417 1662 1458; x_wconf 76' lang='lat' dir='ltr'><strong>sac-obi</strong></span> 
     </span>
     <span class='ocr_line' id='line_1_22' title="bbox 47 1481 1661 1535; baseline 0 -14"><span class='ocrx_word' id='word_1_220' title='bbox 47 1482 183 1531; x_wconf 84' lang='lat' dir='ltr'><strong>Phaei,</strong></span> <span class='ocrx_word' id='word_1_221' title='bbox 194 1481 372 1522; x_wconf 86' lang='lat' dir='ltr'><strong>Andraee</strong></span> <span class='ocrx_word' id='word_1_222' title='bbox 381 1482 470 1531; x_wconf 84' lang='lat' dir='ltr'><strong>filii,</strong></span> <span class='ocrx_word' id='word_1_223' title='bbox 490 1482 534 1521; x_wconf 92' lang='lat' dir='ltr'><strong>in</strong></span> <span class='ocrx_word' id='word_1_224' title='bbox 555 1481 629 1530; x_wconf 88' lang='lat' dir='ltr'><strong>fol,</strong></span> <span class='ocrx_word' id='word_1_225' title='bbox 642 1481 719 1521; x_wconf 88' lang='lat' dir='ltr'><strong>sub</strong></span> <span class='ocrx_word' id='word_1_226' title='bbox 740 1482 822 1521; x_wconf 91' lang='lat' dir='ltr'><strong>hoc</strong></span> <span class='ocrx_word' id='word_1_227' title='bbox 834 1482 960 1522; x_wconf 87' lang='lat' dir='ltr'><strong>titulo</strong></span> <span class='ocrx_word' id='word_1_228' title='bbox 977 1495 987 1522; x_wconf 89' lang='lat'>:</span> <span class='ocrx_word' id='word_1_229' title='bbox 1005 1482 1169 1522; x_wconf 81' lang='lat' dir='ltr'><strong>Summa</strong></span> <span class='ocrx_word' id='word_1_230' title='bbox 1178 1482 1260 1522; x_wconf 82' lang='lat' dir='ltr'><strong>divi</strong></span> <span class='ocrx_word' id='word_1_231' title='bbox 1271 1482 1425 1522; x_wconf 75' lang='lat' dir='ltr'><strong>Tkomae</strong></span> <span class='ocrx_word' id='word_1_232' title='bbox 1437 1482 1661 1535; x_wconf 79' lang='lat' dir='ltr'><strong>Aquz’natz&#39;s,</strong></span> 
     </span>
     <span class='ocr_line' id='line_1_23' title="bbox 46 1545 1662 1601; baseline -0.001 -14"><span class='ocrx_word' id='word_1_233' title='bbox 46 1545 143 1587; x_wconf 80' lang='lat' dir='ltr'><strong>ord.</strong></span> <span class='ocrx_word' id='word_1_234' title='bbox 165 1546 317 1596; x_wconf 78' lang='lat' dir='ltr'><strong>Praed.,</strong></span> <span class='ocrx_word' id='word_1_235' title='bbox 336 1551 473 1586; x_wconf 88' lang='lat' dir='ltr'><strong>contra</strong></span> <span class='ocrx_word' id='word_1_236' title='bbox 506 1545 688 1596; x_wconf 85' lang='lat' dir='ltr'><strong>Gentiles,</strong></span> <span class='ocrx_word' id='word_1_237' title='bbox 708 1558 826 1598; x_wconf 83' lang='lat' dir='ltr'><strong>quam</strong></span> <span class='ocrx_word' id='word_1_238' title='bbox 857 1546 1034 1586; x_wconf 76' lang='lat' dir='ltr'><strong>hebraice</strong></span> <span class='ocrx_word' id='word_1_239' title='bbox 1063 1545 1259 1600; x_wconf 81' lang='lat' dir='ltr'><strong>eloquitur</strong></span> <span class='ocrx_word' id='word_1_240' title='bbox 1287 1545 1475 1601; x_wconf 78' lang='lat' dir='ltr'><strong>Joseplzus</strong></span> <span class='ocrx_word' id='word_1_241' title='bbox 1504 1545 1662 1586; x_wconf 80' lang='lat' dir='ltr'><strong>Cz&#39;antes</strong></span> 
     </span>
     <span class='ocr_line' id='line_1_24' title="bbox 45 1609 1664 1663; baseline 0.001 -12"><span class='ocrx_word' id='word_1_242' title='bbox 45 1610 259 1659; x_wconf 85' lang='lat' dir='ltr'><strong>Romanus,</strong></span> <span class='ocrx_word' id='word_1_243' title='bbox 279 1610 474 1663; x_wconf 80' lang='lat' dir='ltr'><strong>episcopus</strong></span> <span class='ocrx_word' id='word_1_244' title='bbox 494 1609 738 1649; x_wconf 83' lang='lat' dir='ltr'><strong>Marsz&#39;censz&#39;s</strong></span> <span class='ocrx_word' id='word_1_245' title='bbox 767 1622 818 1651; x_wconf 73' lang='lat' dir='ltr'><strong>ex</strong></span> <span class='ocrx_word' id='word_1_246' title='bbox 850 1610 978 1650; x_wconf 87' lang='lat' dir='ltr'><strong>eodem</strong></span> <span class='ocrx_word' id='word_1_247' title='bbox 1009 1609 1152 1650; x_wconf 75' lang='lat' dir='ltr'><strong>Ordine</strong></span> <span class='ocrx_word' id='word_1_248' title='bbox 1181 1616 1412 1663; x_wconf 81' lang='lat' dir='ltr'><strong>assumptus.</strong></span> <span class='ocrx_word' id='word_1_249' title='bbox 1446 1610 1569 1651; x_wconf 90' lang='lat' dir='ltr'><strong>Liber</strong></span> <span class='ocrx_word' id='word_1_250' title='bbox 1601 1613 1664 1652; x_wconf 80' lang='lat' dir='ltr'><strong>est</strong></span> 
     </span>
     <span class='ocr_line' id='line_1_25' title="bbox 44 1674 1663 1732; baseline 0 -17"><span class='ocrx_word' id='word_1_251' title='bbox 44 1676 155 1727; x_wconf 84' lang='lat' dir='ltr'><strong>typis</strong></span> <span class='ocrx_word' id='word_1_252' title='bbox 172 1675 393 1724; x_wconf 84' lang='lat' dir='ltr'><strong>hebraicis,</strong></span> <span class='ocrx_word' id='word_1_253' title='bbox 412 1685 498 1714; x_wconf 90' lang='lat' dir='ltr'><strong>non</strong></span> <span class='ocrx_word' id='word_1_254' title='bbox 517 1674 742 1732; x_wconf 45' lang='lat' dir='ltr'><strong>punctalis,</strong></span> <span class='ocrx_word' id='word_1_255' title='bbox 752 1674 907 1724; x_wconf 88' lang='lat' dir='ltr'><strong>editus,</strong></span> <span class='ocrx_word' id='word_1_256' title='bbox 929 1685 978 1715; x_wconf 88' lang='lat' dir='ltr'><strong>ac</strong></span> <span class='ocrx_word' id='word_1_257' title='bbox 998 1675 1138 1715; x_wconf 87' lang='lat' dir='ltr'><strong>latinis</strong></span> <span class='ocrx_word' id='word_1_258' title='bbox 1158 1675 1230 1727; x_wconf 91' lang='lat' dir='ltr'><strong>qui</strong></span> <span class='ocrx_word' id='word_1_259' title='bbox 1251 1675 1326 1714; x_wconf 91' lang='lat' dir='ltr'><strong>sibi</strong></span> <span class='ocrx_word' id='word_1_260' title='bbox 1354 1687 1377 1715; x_wconf 91' lang='lat' dir='ltr'><strong>e</strong></span> <span class='ocrx_word' id='word_1_261' title='bbox 1411 1675 1581 1727; x_wconf 86' lang='lat' dir='ltr'><strong>regione</strong></span> <span class='ocrx_word' id='word_1_262' title='bbox 1616 1674 1663 1715; x_wconf 90' lang='lat' dir='ltr'><strong>in</strong></span> 
     </span>
     <span class='ocr_line' id='line_1_26' title="bbox 45 1739 1664 1792; baseline 0 -12"><span class='ocrx_word' id='word_1_263' title='bbox 45 1740 235 1792; x_wconf 86' lang='lat' dir='ltr'><strong>qualibet</strong></span> <span class='ocrx_word' id='word_1_264' title='bbox 253 1740 405 1792; x_wconf 85' lang='lat' dir='ltr'><strong>pagina</strong></span> <span class='ocrx_word' id='word_1_265' title='bbox 423 1750 499 1791; x_wconf 89' lang='lat' dir='ltr'><strong>per</strong></span> <span class='ocrx_word' id='word_1_266' title='bbox 517 1739 736 1779; x_wconf 88' lang='lat' dir='ltr'><strong>columnas</strong></span> <span class='ocrx_word' id='word_1_267' title='bbox 770 1739 957 1790; x_wconf 87' lang='lat' dir='ltr'><strong>geminas</strong></span> <span class='ocrx_word' id='word_1_268' title='bbox 994 1739 1154 1779; x_wconf 87' lang='lat' dir='ltr'><strong>diversa</strong></span> <span class='ocrx_word' id='word_1_269' title='bbox 1184 1740 1454 1790; x_wconf 89' lang='lat' dir='ltr'><strong>respondent.</strong></span> <span class='ocrx_word' id='word_1_270' title='bbox 1489 1740 1664 1781; x_wconf 84' lang='lat' dir='ltr'><strong>Exstant</strong></span> 
     </span>
     <span class='ocr_line' id='line_1_27' title="bbox 47 1803 894 1855; baseline 0.001 -12"><span class='ocrx_word' id='word_1_271' title='bbox 47 1803 170 1854; x_wconf 88' lang='lat' dir='ltr'><strong>primi</strong></span> <span class='ocrx_word' id='word_1_272' title='bbox 189 1803 284 1843; x_wconf 90' lang='lat' dir='ltr'><strong>libri</strong></span> <span class='ocrx_word' id='word_1_273' title='bbox 303 1807 404 1854; x_wconf 83' lang='lat' dir='ltr'><strong>tres,</strong></span> <span class='ocrx_word' id='word_1_274' title='bbox 424 1806 599 1855; x_wconf 86' lang='lat' dir='ltr'><strong>quartus</strong></span> <span class='ocrx_word' id='word_1_275' title='bbox 619 1803 894 1844; x_wconf 88' lang='lat' dir='ltr'><strong>desideratur.</strong></span> 
     </span>
    </p>

    <p class='ocr_par' dir='ltr' id='par_1_4' title="bbox 34 1868 1664 2878">
     <span class='ocr_line' id='line_1_28' title="bbox 99 1868 1661 1920; baseline 0.003 -12"><span class='ocrx_word' id='word_1_276' title='bbox 99 1869 167 1908; x_wconf 91' lang='grc' dir='ltr'><strong>ΙΙΙ.</strong></span> <span class='ocrx_word' id='word_1_277' title='bbox 190 1868 379 1908; x_wconf 79' lang='lat' dir='ltr'><strong>Graecam</strong></span> <span class='ocrx_word' id='word_1_278' title='bbox 398 1869 632 1908; x_wconf 88' lang='lat' dir='ltr'><strong>versionem</strong></span> <span class='ocrx_word' id='word_1_279' title='bbox 654 1872 858 1919; x_wconf 80' lang='lat' dir='ltr'><strong>praestant</strong></span> <span class='ocrx_word' id='word_1_280' title='bbox 874 1868 1040 1909; x_wconf 89' lang='lat' dir='ltr'><strong>codices</strong></span> <span class='ocrx_word' id='word_1_281' title='bbox 1054 1881 1152 1909; x_wconf 88' lang='lat' dir='ltr'><strong>mss.</strong></span> <span class='ocrx_word' id='word_1_282' title='bbox 1171 1881 1278 1920; x_wconf 87' lang='lat' dir='ltr'><strong>quos</strong></span> <span class='ocrx_word' id='word_1_283' title='bbox 1292 1869 1467 1910; x_wconf 80' lang='lat' dir='ltr'><strong>adnotat</strong></span> <span class='ocrx_word' id='word_1_284' title='bbox 1479 1869 1661 1912; x_wconf 83' lang='lat' dir='ltr'><strong>Jacobus</strong></span> 
     </span>
     <span class='ocr_line' id='line_1_29' title="bbox 47 1931 1664 1987; baseline 0.004 -15"><span class='ocrx_word' id='word_1_285' title='bbox 47 1932 262 1972; x_wconf 88' lang='lat' dir='ltr'><strong>Echardus</strong></span> <span class='ocrx_word' id='word_1_286' title='bbox 282 1932 325 1971; x_wconf 92' lang='lat' dir='ltr'><strong>in</strong></span> <span class='ocrx_word' id='word_1_287' title='bbox 344 1931 608 1973; x_wconf 83' lang='lat' dir='ltr'><strong>bibliothecis</strong></span> <span class='ocrx_word' id='word_1_288' title='bbox 639 1934 854 1981; x_wconf 82' lang='lat' dir='ltr'><strong>asservari,</strong></span> <span class='ocrx_word' id='word_1_289' title='bbox 876 1934 1092 1983; x_wconf 83' lang='lat' dir='ltr'><strong>Vaticana,</strong></span> <span class='ocrx_word' id='word_1_290' title='bbox 1114 1935 1242 1987; x_wconf 82' lang='lat' dir='ltr'><strong>Regia</strong></span> <span class='ocrx_word' id='word_1_291' title='bbox 1272 1935 1509 1985; x_wconf 86' lang='lat' dir='ltr'><strong>Parisiensi‚</strong></span> <span class='ocrx_word' id='word_1_292' title='bbox 1532 1936 1664 1978; x_wconf 83' lang='lat' dir='ltr'><strong>Caesa·</strong></span> 
     </span>
     <span class='ocr_line' id='line_1_30' title="bbox 46 1995 1657 2049; baseline 0.004 -12"><span class='ocrx_word' id='word_1_293' title='bbox 46 2008 119 2037; x_wconf 91' lang='lat' dir='ltr'><strong>reo</strong></span> <span class='ocrx_word' id='word_1_294' title='bbox 137 1995 462 2046; x_wconf 76' lang='lat' dir='ltr'><strong>vindobonensi,</strong></span> <span class='ocrx_word' id='word_1_295' title='bbox 483 1997 642 2037; x_wconf 89' lang='lat' dir='ltr'><strong>Veneta</strong></span> <span class='ocrx_word' id='word_1_296' title='bbox 661 1998 700 2037; x_wconf 89' lang='lat' dir='ltr'><strong>S.</strong></span> <span class='ocrx_word' id='word_1_297' title='bbox 723 1998 869 2047; x_wconf 84' lang='lat' dir='ltr'><strong>Marci,</strong></span> <span class='ocrx_word' id='word_1_298' title='bbox 891 1997 1079 2049; x_wconf 88' lang='lat' dir='ltr'><strong>itemque</strong></span> <span class='ocrx_word' id='word_1_299' title='bbox 1099 1999 1169 2039; x_wconf 88' lang='lat' dir='ltr'><strong>SS.</strong></span> <span class='ocrx_word' id='word_1_300' title='bbox 1191 1999 1364 2040; x_wconf 84' lang='lat' dir='ltr'><strong>Joannis</strong></span> <span class='ocrx_word' id='word_1_301' title='bbox 1384 2004 1427 2040; x_wconf 88' lang='lat' dir='ltr'><strong>et</strong></span> <span class='ocrx_word' id='word_1_302' title='bbox 1444 2000 1579 2041; x_wconf 84' lang='lat' dir='ltr'><strong>Pauli.</strong></span> <span class='ocrx_word' id='word_1_303' title='bbox 1595 2000 1657 2043; x_wconf 83' lang='lat' dir='ltr'><strong>De</strong></span> 
     </span>
     <span class='ocr_line' id='line_1_31' title="bbox 46 2061 1663 2107; baseline 0.004 -6"><span class='ocrx_word' id='word_1_304' title='bbox 46 2061 263 2102; x_wconf 86' lang='lat' dir='ltr'><strong>codicibus</strong></span> <span class='ocrx_word' id='word_1_305' title='bbox 282 2061 535 2101; x_wconf 86' lang='lat' dir='ltr'><strong>Bessarionis</strong></span> <span class='ocrx_word' id='word_1_306' title='bbox 556 2062 777 2101; x_wconf 85' lang='lat' dir='ltr'><strong>cardinalis</strong></span> <span class='ocrx_word' id='word_1_307' title='bbox 796 2062 840 2101; x_wconf 93' lang='lat' dir='ltr'><strong>in</strong></span> <span class='ocrx_word' id='word_1_308' title='bbox 861 2063 1008 2102; x_wconf 88' lang='lat' dir='ltr'><strong>eadem</strong></span> <span class='ocrx_word' id='word_1_309' title='bbox 1023 2063 1182 2103; x_wconf 89' lang='lat' dir='ltr'><strong>Veneta</strong></span> <span class='ocrx_word' id='word_1_310' title='bbox 1201 2063 1242 2104; x_wconf 91' lang='lat' dir='ltr'><strong>S.</strong></span> <span class='ocrx_word' id='word_1_311' title='bbox 1259 2064 1388 2105; x_wconf 88' lang='lat' dir='ltr'><strong>Marci</strong></span> <span class='ocrx_word' id='word_1_312' title='bbox 1407 2063 1663 2107; x_wconf 83' lang='lat' dir='ltr'><strong>bibliotheca</strong></span> 
     </span>
     <span class='ocr_line' id='line_1_32' title="bbox 47 2125 1663 2179; baseline 0.004 -14"><span class='ocrx_word' id='word_1_313' title='bbox 47 2126 106 2166; x_wconf 90' lang='lat' dir='ltr'><strong>sic</strong></span> <span class='ocrx_word' id='word_1_314' title='bbox 124 2125 252 2166; x_wconf 85' lang='lat' dir='ltr'><strong>habet</strong></span> <span class='ocrx_word' id='word_1_315' title='bbox 270 2126 465 2166; x_wconf 89' lang='lat' dir='ltr'><strong>laudatus</strong></span> <span class='ocrx_word' id='word_1_316' title='bbox 497 2126 712 2166; x_wconf 88' lang='lat' dir='ltr'><strong>Echardus</strong></span> <span class='ocrx_word' id='word_1_317' title='bbox 746 2139 756 2165; x_wconf 77' lang='grc' dir='ltr'>ε</span> <span class='ocrx_word' id='word_1_318' title='bbox 790 2125 997 2166; x_wconf 78' lang='lat' dir='ltr'><strong>Laudatur</strong></span> <span class='ocrx_word' id='word_1_319' title='bbox 1028 2126 1158 2179; x_wconf 90' lang='lat' dir='ltr'><strong>(idem</strong></span> <span class='ocrx_word' id='word_1_320' title='bbox 1189 2139 1295 2179; x_wconf 89' lang='lat' dir='ltr'><strong>opus</strong></span> <span class='ocrx_word' id='word_1_321' title='bbox 1325 2133 1463 2169; x_wconf 84' lang='lat' dir='ltr'><strong>contra</strong></span> <span class='ocrx_word' id='word_1_322' title='bbox 1495 2127 1663 2171; x_wconf 78' lang='lat' dir='ltr'><strong>Gentiles</strong></span> 
     </span>
     <span class='ocr_line' id='line_1_33' title="bbox 47 2190 1663 2243; baseline 0.004 -14"><span class='ocrx_word' id='word_1_323' title='bbox 47 2201 184 2243; x_wconf 86' lang='lat' dir='ltr'><strong>graece</strong></span> <span class='ocrx_word' id='word_1_324' title='bbox 202 2190 381 2243; x_wconf 89' lang='lat' dir='ltr'><strong>versum)</strong></span> <span class='ocrx_word' id='word_1_325' title='bbox 401 2196 440 2230; x_wconf 86' lang='lat' dir='ltr'><strong>et</strong></span> <span class='ocrx_word' id='word_1_326' title='bbox 467 2190 628 2230; x_wconf 83' lang='lat' dir='ltr'><strong>Venetiz&#39;s</strong></span> <span class='ocrx_word' id='word_1_327' title='bbox 647 2191 750 2230; x_wconf 79' lang='lat' dir='ltr'><strong>inter</strong></span> <span class='ocrx_word' id='word_1_328' title='bbox 767 2190 887 2231; x_wconf 78' lang='lat' dir='ltr'><strong>libros</strong></span> <span class='ocrx_word' id='word_1_329' title='bbox 903 2191 1116 2232; x_wconf 72' lang='lat' dir='ltr'><strong>cardinalis</strong></span> <span class='ocrx_word' id='word_1_330' title='bbox 1133 2191 1376 2233; x_wconf 81' lang='lat' dir='ltr'><strong>Bessarz‘onz&#39;s</strong></span> <span class='ocrx_word' id='word_1_331' title='bbox 1406 2193 1516 2235; x_wconf 83' lang='lat' dir='ltr'><strong>codd.</strong></span> <span class='ocrx_word' id='word_1_332' title='bbox 1539 2193 1663 2235; x_wconf 82' lang='lat' dir='ltr'><strong>tribus</strong></span> 
     </span>
     <span class='ocr_line' id='line_1_34' title="bbox 43 2255 1660 2309; baseline 0.004 -15"><span class='ocrx_word' id='word_1_333' title='bbox 43 2255 136 2307; x_wconf 82' lang='lat' dir='ltr'><strong>fol.,</strong></span> <span class='ocrx_word' id='word_1_334' title='bbox 150 2266 246 2309; x_wconf 81' lang='lat' dir='ltr'><strong>par.</strong></span> <span class='ocrx_word' id='word_1_335' title='bbox 264 2267 412 2309; x_wconf 76' lang='lat' dir='ltr'><strong>papyr.</strong></span> <span class='ocrx_word' id='word_1_336' title='bbox 434 2256 475 2295; x_wconf 85' lang='lat' dir='ltr'><strong>z&#39;n</strong></span> <span class='ocrx_word' id='word_1_337' title='bbox 494 2268 660 2308; x_wconf 85' lang='lat' dir='ltr'><strong>quorum</strong></span> <span class='ocrx_word' id='word_1_338' title='bbox 678 2268 752 2296; x_wconf 87' lang='lat' dir='ltr'><strong>uno</strong></span> <span class='ocrx_word' id='word_1_339' title='bbox 771 2255 869 2296; x_wconf 77' lang='lat' dir='ltr'><strong>liber</strong></span> <span class='ocrx_word' id='word_1_340' title='bbox 885 2268 916 2307; x_wconf 92' lang='lat'><strong>1,</strong></span> <span class='ocrx_word' id='word_1_341' title='bbox 934 2257 974 2296; x_wconf 84' lang='lat' dir='ltr'><strong>in</strong></span> <span class='ocrx_word' id='word_1_342' title='bbox 993 2256 1117 2297; x_wconf 86' lang='lat' dir='ltr'><strong>altero</strong></span> <span class='ocrx_word' id='word_1_343' title='bbox 1133 2268 1148 2298; x_wconf 94' lang='lat'>1</span> <span class='ocrx_word' id='word_1_344' title='bbox 1167 2263 1204 2297; x_wconf 91' lang='lat' dir='ltr'><strong>et</strong></span> <span class='ocrx_word' id='word_1_345' title='bbox 1222 2269 1266 2306; x_wconf 90' lang='lat'><strong>11,</strong></span> <span class='ocrx_word' id='word_1_346' title='bbox 1278 2258 1319 2297; x_wconf 82' lang='lat' dir='ltr'><strong>in</strong></span> <span class='ocrx_word' id='word_1_347' title='bbox 1333 2258 1446 2298; x_wconf 79' lang='lat' dir='ltr'><strong>tertio</strong></span> <span class='ocrx_word' id='word_1_348' title='bbox 1461 2263 1536 2299; x_wconf 87' lang='lat' dir='ltr'><strong>tres</strong></span> <span class='ocrx_word' id='word_1_349' title='bbox 1552 2258 1660 2300; x_wconf 82' lang='lat' dir='ltr'><strong>lz&#39;brz‘.</strong></span> 
     </span>
     <span class='ocr_line' id='line_1_35' title="bbox 45 2319 1661 2373; baseline 0.002 -14"><span class='ocrx_word' id='word_1_350' title='bbox 45 2320 155 2360; x_wconf 90' lang='lat' dir='ltr'><strong>Num</strong></span> <span class='ocrx_word' id='word_1_351' title='bbox 174 2319 386 2372; x_wconf 84' lang='lat' dir='ltr'><strong>integrum</strong></span> <span class='ocrx_word' id='word_1_352' title='bbox 413 2331 520 2371; x_wconf 88' lang='lat' dir='ltr'><strong>opus</strong></span> <span class='ocrx_word' id='word_1_353' title='bbox 555 2320 599 2360; x_wconf 88' lang='lat' dir='ltr'><strong>hi</strong></span> <span class='ocrx_word' id='word_1_354' title='bbox 633 2321 798 2361; x_wconf 87' lang='lat' dir='ltr'><strong>codices</strong></span> <span class='ocrx_word' id='word_1_355' title='bbox 830 2323 1183 2373; x_wconf 84' lang='lat' dir='ltr'><strong>complectantur,</strong></span> <span class='ocrx_word' id='word_1_356' title='bbox 1214 2323 1393 2363; x_wconf 87' lang='lat' dir='ltr'><strong>Echardi</strong></span> <span class='ocrx_word' id='word_1_357' title='bbox 1420 2323 1544 2364; x_wconf 84' lang='lat' dir='ltr'><strong>verba</strong></span> <span class='ocrx_word' id='word_1_358' title='bbox 1574 2333 1661 2365; x_wconf 91' lang='lat' dir='ltr'><strong>non</strong></span> 
     </span>
     <span class='ocr_line' id='line_1_36' title="bbox 34 2383 1661 2437; baseline 0 -10"><span class='ocrx_word' id='word_1_359' title='bbox 34 2383 322 2436; x_wconf 82' lang='lat' dir='ltr'><strong>.patefaciunt.</strong></span> <span class='ocrx_word' id='word_1_360' title='bbox 343 2385 447 2425; x_wconf 90' lang='lat' dir='ltr'><strong>Rem</strong></span> <span class='ocrx_word' id='word_1_361' title='bbox 471 2385 623 2425; x_wconf 89' lang='lat' dir='ltr'><strong>clarius</strong></span> <span class='ocrx_word' id='word_1_362' title='bbox 640 2386 882 2426; x_wconf 76' lang='lat' dir='ltr'><strong>manifestat</strong></span> <span class='ocrx_word' id='word_1_363' title='bbox 914 2387 1056 2435; x_wconf 81' lang='lat' dir='ltr'><strong>Index,</strong></span> <span class='ocrx_word' id='word_1_364' title='bbox 1079 2388 1112 2426; x_wconf 88' lang='lat' dir='ltr'><strong>si</strong></span> <span class='ocrx_word' id='word_1_365' title='bbox 1133 2391 1356 2427; x_wconf 78' lang='lat' dir='ltr'><strong>accuratus</strong></span> <span class='ocrx_word' id='word_1_366' title='bbox 1387 2388 1558 2437; x_wconf 89' lang='lat' dir='ltr'><strong>quidem</strong></span> <span class='ocrx_word' id='word_1_367' title='bbox 1590 2387 1661 2437; x_wconf 85' lang='lat' dir='ltr'><strong>sit,</strong></span> 
     </span>
     <span class='ocr_line' id='line_1_37' title="bbox 47 2447 1661 2500; baseline 0.003 -13"><span class='ocrx_word' id='word_1_368' title='bbox 47 2448 121 2500; x_wconf 89' lang='lat' dir='ltr'><strong>qui</strong></span> <span class='ocrx_word' id='word_1_369' title='bbox 157 2447 265 2500; x_wconf 85' lang='lat' dir='ltr'><strong>typis</strong></span> <span class='ocrx_word' id='word_1_370' title='bbox 300 2447 456 2499; x_wconf 85' lang='lat' dir='ltr'><strong>prodiit</strong></span> <span class='ocrx_word' id='word_1_371' title='bbox 473 2449 672 2498; x_wconf 66' lang='lat' dir='ltr'><strong>Venetus,</strong></span> <span class='ocrx_word' id='word_1_372' title='bbox 694 2450 787 2499; x_wconf 89' lang='lat' dir='ltr'><strong>fol.,</strong></span> <span class='ocrx_word' id='word_1_373' title='bbox 809 2462 919 2490; x_wconf 86' lang='lat' dir='ltr'><strong>anno</strong></span> <span class='ocrx_word' id='word_1_374' title='bbox 958 2453 1075 2500; x_wconf 78' lang='lat'><strong>1740,</strong></span> <span class='ocrx_word' id='word_1_375' title='bbox 1097 2451 1236 2490; x_wconf 86' lang='lat' dir='ltr'><strong>studio</strong></span> <span class='ocrx_word' id='word_1_376' title='bbox 1273 2454 1316 2490; x_wconf 87' lang='lat' dir='ltr'><strong>et</strong></span> <span class='ocrx_word' id='word_1_377' title='bbox 1352 2462 1453 2491; x_wconf 87' lang='lat' dir='ltr'><strong>cura</strong></span> <span class='ocrx_word' id='word_1_378' title='bbox 1489 2450 1661 2494; x_wconf 85' lang='lat' dir='ltr'><strong>Antonii</strong></span> 
     </span>
     <span class='ocr_line' id='line_1_38' title="bbox 45 2512 1658 2566; baseline 0.003 -13"><span class='ocrx_word' id='word_1_379' title='bbox 45 2512 102 2554; x_wconf 87' lang='grc' dir='ltr'><strong>Μ.</strong></span> <span class='ocrx_word' id='word_1_380' title='bbox 140 2512 303 2552; x_wconf 81' lang='lat' dir='ltr'><strong>Zanetti</strong></span> <span class='ocrx_word' id='word_1_381' title='bbox 337 2512 605 2553; x_wconf 81' lang='lat' dir='ltr'><strong>bibliothecae</strong></span> <span class='ocrx_word' id='word_1_382' title='bbox 645 2514 828 2553; x_wconf 88' lang='lat' dir='ltr'><strong>custodis</strong></span> <span class='ocrx_word' id='word_1_383' title='bbox 863 2518 905 2554; x_wconf 86' lang='lat' dir='ltr'><strong>et</strong></span> <span class='ocrx_word' id='word_1_384' title='bbox 936 2515 1105 2554; x_wconf 90' lang='lat' dir='ltr'><strong>Antonii</strong></span> <span class='ocrx_word' id='word_1_385' title='bbox 1137 2514 1421 2566; x_wconf 85' lang='lat' dir='ltr'><strong>Bongiovanni</strong></span> <span class='ocrx_word' id='word_1_386' title='bbox 1451 2516 1490 2556; x_wconf 85' lang='lat' dir='ltr'><strong>J.</strong></span> <span class='ocrx_word' id='word_1_387' title='bbox 1523 2516 1574 2557; x_wconf 91' lang='lat' dir='ltr'><strong>U.</strong></span> <span class='ocrx_word' id='word_1_388' title='bbox 1605 2516 1658 2558; x_wconf 87' lang='lat' dir='ltr'><strong>D.</strong></span> 
     </span>
     <span class='ocr_line' id='line_1_39' title="bbox 46 2576 1659 2632; baseline 0.003 -16"><span class='ocrx_word' id='word_1_389' title='bbox 46 2576 311 2617; x_wconf 88' lang='lat' dir='ltr'><strong>Addiscimus</strong></span> <span class='ocrx_word' id='word_1_390' title='bbox 348 2576 460 2616; x_wconf 89' lang='lat' dir='ltr'><strong>enim</strong></span> <span class='ocrx_word' id='word_1_391' title='bbox 485 2608 494 2625; x_wconf 92' lang='lat'><strong>,</strong></span> <span class='ocrx_word' id='word_1_392' title='bbox 534 2578 578 2616; x_wconf 89' lang='lat' dir='ltr'><strong>in</strong></span> <span class='ocrx_word' id='word_1_393' title='bbox 610 2579 703 2617; x_wconf 89' lang='lat' dir='ltr'><strong>cod.</strong></span> <span class='ocrx_word' id='word_1_394' title='bbox 741 2578 885 2627; x_wconf 86' lang='lat' dir='ltr'><strong>CXLV,</strong></span> <span class='ocrx_word' id='word_1_395' title='bbox 920 2578 1124 2618; x_wconf 88' lang='lat' dir='ltr'><strong>contineri</strong></span> <span class='ocrx_word' id='word_1_396' title='bbox 1156 2579 1196 2619; x_wconf 88' lang='lat' dir='ltr'><strong>S.</strong></span> <span class='ocrx_word' id='word_1_397' title='bbox 1233 2579 1406 2620; x_wconf 82' lang='lat' dir='ltr'><strong>Thomae</strong></span> <span class='ocrx_word' id='word_1_398' title='bbox 1433 2579 1659 2632; x_wconf 87' lang='lat' dir='ltr'><strong>Aquitatis,</strong></span> 
     </span>
     <span class='ocr_line' id='line_1_40' title="bbox 45 2640 1658 2696; baseline 0.003 -15"><span class='ocrx_word' id='word_1_399' title='bbox 45 2644 194 2682; x_wconf 85' lang='lat' dir='ltr'><strong>contra</strong></span> <span class='ocrx_word' id='word_1_400' title='bbox 213 2642 379 2691; x_wconf 88' lang='lat' dir='ltr'><strong>Gentes,</strong></span> <span class='ocrx_word' id='word_1_401' title='bbox 401 2640 544 2680; x_wconf 87' lang='lat' dir='ltr'><strong>librum</strong></span> <span class='ocrx_word' id='word_1_402' title='bbox 565 2642 737 2691; x_wconf 80' lang='lat' dir='ltr'><strong>tertium,</strong></span> <span class='ocrx_word' id='word_1_403' title='bbox 757 2642 801 2681; x_wconf 93' lang='lat' dir='ltr'><strong>in</strong></span> <span class='ocrx_word' id='word_1_404' title='bbox 821 2643 915 2682; x_wconf 88' lang='lat' dir='ltr'><strong>cod.</strong></span> <span class='ocrx_word' id='word_1_405' title='bbox 933 2643 1132 2693; x_wconf 90' lang='lat' dir='ltr'><strong>CXLVIII,</strong></span> <span class='ocrx_word' id='word_1_406' title='bbox 1153 2642 1296 2683; x_wconf 75' lang='lat' dir='ltr'><strong>librum</strong></span> <span class='ocrx_word' id='word_1_407' title='bbox 1315 2644 1502 2696; x_wconf 79' lang='lat' dir='ltr'><strong>primum,</strong></span> <span class='ocrx_word' id='word_1_408' title='bbox 1523 2656 1658 2686; x_wconf 86' lang='lat' dir='ltr'><strong>secun·</strong></span> 
     </span>
     <span class='ocr_line' id='line_1_41' title="bbox 46 2703 1657 2761; baseline 0.004 -18"><span class='ocrx_word' id='word_1_409' title='bbox 46 2703 141 2744; x_wconf 87' lang='lat' dir='ltr'><strong>dum</strong></span> <span class='ocrx_word' id='word_1_410' title='bbox 158 2710 198 2744; x_wconf 86' lang='lat' dir='ltr'><strong>et</strong></span> <span class='ocrx_word' id='word_1_411' title='bbox 211 2711 412 2759; x_wconf 86' lang='lat' dir='ltr'><strong>quartum,</strong></span> <span class='ocrx_word' id='word_1_412' title='bbox 434 2709 477 2746; x_wconf 88' lang='lat' dir='ltr'><strong>et</strong></span> <span class='ocrx_word' id='word_1_413' title='bbox 500 2706 544 2746; x_wconf 91' lang='lat' dir='ltr'><strong>in</strong></span> <span class='ocrx_word' id='word_1_414' title='bbox 566 2707 662 2747; x_wconf 88' lang='lat' dir='ltr'><strong>cod.</strong></span> <span class='ocrx_word' id='word_1_415' title='bbox 684 2707 848 2756; x_wconf 91' lang='lat' dir='ltr'><strong>CXLIX,</strong></span> <span class='ocrx_word' id='word_1_416' title='bbox 865 2706 1008 2746; x_wconf 83' lang='lat' dir='ltr'><strong>librum</strong></span> <span class='ocrx_word' id='word_1_417' title='bbox 1020 2707 1197 2761; x_wconf 79' lang='lat' dir='ltr'><strong>primum</strong></span> <span class='ocrx_word' id='word_1_418' title='bbox 1225 2712 1269 2748; x_wconf 79' lang='lat' dir='ltr'><strong>et</strong></span> <span class='ocrx_word' id='word_1_419' title='bbox 1291 2707 1511 2749; x_wconf 84' lang='lat' dir='ltr'><strong>secundum.</strong></span> <span class='ocrx_word' id='word_1_420' title='bbox 1549 2708 1657 2752; x_wconf 87' lang='lat' dir='ltr'><strong>Hinc</strong></span> 
     </span>
     <span class='ocr_line' id='line_1_42' title="bbox 45 2767 1659 2824; baseline 0.004 -16"><span class='ocrx_word' id='word_1_421' title='bbox 45 2778 145 2809; x_wconf 84' lang='lat' dir='ltr'><strong>vero</strong></span> <span class='ocrx_word' id='word_1_422' title='bbox 163 2767 377 2821; x_wconf 87' lang='lat' dir='ltr'><strong>integrum</strong></span> <span class='ocrx_word' id='word_1_423' title='bbox 397 2771 789 2820; x_wconf 64' lang='lat' dir='ltr'><strong>praestantissimum</strong></span> <span class='ocrx_word' id='word_1_424' title='bbox 809 2781 916 2822; x_wconf 90' lang='lat' dir='ltr'><strong>opus</strong></span> <span class='ocrx_word' id='word_1_425' title='bbox 935 2775 1116 2812; x_wconf 87' lang='lat' dir='ltr'><strong>asservat</strong></span> <span class='ocrx_word' id='word_1_426' title='bbox 1135 2783 1272 2824; x_wconf 83' lang='lat' dir='ltr'><strong>graece</strong></span> <span class='ocrx_word' id='word_1_427' title='bbox 1302 2784 1466 2813; x_wconf 90' lang='lat' dir='ltr'><strong>versum</strong></span> <span class='ocrx_word' id='word_1_428' title='bbox 1498 2773 1659 2815; x_wconf 86' lang='lat' dir='ltr'><strong>Veneta</strong></span> 
     </span>
     <span class='ocr_line' id='line_1_43' title="bbox 48 2832 1340 2878; baseline 0.002 -4"><span class='ocrx_word' id='word_1_429' title='bbox 48 2833 92 2874; x_wconf 88' lang='lat' dir='ltr'><strong>S.</strong></span> <span class='ocrx_word' id='word_1_430' title='bbox 111 2833 240 2875; x_wconf 81' lang='lat' dir='ltr'><strong>Marci</strong></span> <span class='ocrx_word' id='word_1_431' title='bbox 254 2832 511 2876; x_wconf 84' lang='lat' dir='ltr'><strong>bibliotheca</strong></span> <span class='ocrx_word' id='word_1_432' title='bbox 528 2835 638 2876; x_wconf 87' lang='lat' dir='ltr'><strong>inter</strong></span> <span class='ocrx_word' id='word_1_433' title='bbox 657 2835 878 2876; x_wconf 85' lang='lat' dir='ltr'><strong>cardinalis</strong></span> <span class='ocrx_word' id='word_1_434' title='bbox 890 2836 1142 2877; x_wconf 84' lang='lat' dir='ltr'><strong>Bessarionis</strong></span> <span class='ocrx_word' id='word_1_435' title='bbox 1160 2836 1340 2878; x_wconf 89' lang='lat' dir='ltr'><strong>codices.</strong></span> 
     </span>
    </p>
   </div>
   <div class='ocr_carea' id='block_1_3' title="bbox 1472 2907 1492 2945">
    <p class='ocr_par' dir='ltr' id='par_1_5' title="bbox 1472 2907 1492 2945">
     <span class='ocr_line' id='line_1_44' title="bbox 1472 2907 1492 2945; baseline 0 0"><span class='ocrx_word' id='word_1_436' title='bbox 1472 2907 1492 2945; x_wconf 83' lang='lat' dir='ltr'><em>b</em></span> 
     </span>
    </p>
   </div>
  </div>
 </body>
</html>
