1894 3223
124 143 194 179 264
738 134 826 169 LIB.
855 134 918 172 111.
947 133 1048 168 CAP.
1075 133 1134 167 vl.

809 285 978 327 CAPUT
1005 285 1075 326 VI.

591 393 750 424 SOLUTIO
775 393 978 422 RATIONUM
1002 391 1302 422 PRAEMISSARUM.

176 501 223 537 Ut
241 501 371 536 autem
391 497 613 544 positarum
643 497 843 534 rationum
866 495 1014 533 solutio
1035 495 1287 533 manifestior
1306 494 1390 539 fiat,
1411 491 1750 532 considerandum

129 546 317 600 est-quod
337 546 484 582 malum
508 544 753 582 considerari
773 547 902 590 potest
917 543 977 579 vel
998 543 1040 579 in
1059 543 1283 580 substantia
1303 542 1436 589 aliqua
1455 542 1516 578 vel
1538 542 1580 577 in
1592 540 1750 577 actione

131 606 143 633 1
176 603 276 632 sius.

147 605 321 679 pMalum
351 638 511 686 quidem
543 638 586 676 in
623 637 849 676 substantia
877 637 1010 684 aliqua
1038 639 1098 673 est
1118 645 1166 673 ex
1192 644 1239 674 eo
1268 636 1375 684 quod
1394 634 1526 673 deficit
1545 634 1580 672 ei
1601 633 1753 682 aliquid

131 688 238 736 quod
259 689 395 724 natum
423 689 485 724 est
504 687 542 723 et
562 684 676 723 debet
708 685 876 729 habere3
908 685 943 721 si
964 683 1069 720 enim
1091 682 1211 720 homo
1231 691 1314 720 non
1332 682 1452 721 habet
1471 682 1570 726 alas,
1589 690 1671 720 non
1692 684 1756 720 est

131 736 168 774 ei
188 735 353 778 malum,
373 733 468 780 quia
492 741 573 770 non
596 736 655 770 est
679 736 797 769 natus
827 741 894 768 eas
915 731 1083 775 habere3
1106 730 1140 767 si
1161 730 1280 767 etiam
1299 730 1420 767 homo
1440 729 1608 775 capillos
1627 728 1755 766 flavos

131 791 215 820 non
235 781 353 819 habet
390 789 471 817 non
491 783 552 817 est
570 779 734 821 malum,
756 779 864 827 quia,
886 778 959 816 etsi
980 781 1098 814 natus
1126 781 1186 814 est
1206 777 1365 821 habere,
1385 785 1467 813 non
1487 780 1620 813 tamen
1640 779 1702 813 est
1718 775 1755 812 ei

131 828 309 867 debitum
342 830 387 864 ut
421 826 668 872 habeantur;
700 830 760 864 est
796 830 929 864 tamen
960 824 1108 862 malum
1131 824 1269 862 sinon
1298 824 1443 862 haheat
1467 830 1626 867 manus,
1685 831 1756 869 uas

131 879 252 915 natus
270 878 384 913 estet
404 874 519 911 debet
539 874 699 919 habere,
721 873 756 911 si
775 873 828 911 sit
847 872 1069 919 perfectus·2
1098 871 1205 919 quod
1233 875 1367 909 tamen
1403 878 1485 907 non
1514 872 1576 907 est
1605 877 1669 907 ma
1689 878 1755 907 um

134 923 210 962 avi.
233 921 372 960 Omnis
396 925 528 958 autem
561 921 744 967 privatio,
767 920 800 958 si
820 920 978 966 proprie
1003 923 1040 956 et
1060 919 1195 957 stricte
1212 918 1442 964 accipiatur,
1462 920 1523 954 est
1543 916 1630 964 ejus
1649 916 1757 964 quod

134 970 221 1017 qui„
254 973 362 1007 aatus
379 972 438 1006 est
459 968 605 1005 habere
625 972 663 1006 et
682 968 794 1005 debet
817 967 974 1008 habere,
993 968 1038 1004 In
1057 966 1278 1012 privatione
1298 965 1421 1012 igitur
1439 964 1498 1002 sic
1515 967 1676 1010 accepta
1695 967 1759 1001 est

133 1018 236 1056 ratio
255 1016 364 1054 mali.
384 1016 543 1053 Materia
562 1019 707 1059 autem,
729 1024 850 1062 quum
867 1014 918 1051 sit
935 1014 977 1051 in
998 1014 1174 1060 potentia
1198 1013 1245 1050 ad
1267 1021 1409 1051 omnes
1428 1013 1593 1056 formas,
1613 1019 1756 1048 omnes

135 1065 295 1113 quidem
318 1066 409 1100 nata
428 1066 489 1100 est
508 1063 666 1107 habere,
685 1063 795 1099 nulla
819 1066 951 1099 tamen
970 1065 1031 1099 est
1051 1061 1086 1098 ei
1106 1061 1250 1105 debita,
1266 1069 1388 1107 quum
1412 1060 1500 1096 sine
1519 1058 1658 1106 quavis
1673 1067 1757 1096 una

137 1121 271 1149 earum
309 1110 439 1157 possit
469 1118 558 1147 esse
587 1110 761 1156 perfecta
793 1110 834 1146 in
868 1112 980 1153 actu3
1015 1108 1201 1155 quaelibet
1220 1111 1353 1145 tamen
1374 1115 1509 1144 earum
1531 1109 1593 1143 est
1623 1105 1758 1143 debita

137 1159 257 1196 alicui
289 1166 425 1195 eorum
456 1166 544 1204 quae
574 1167 622 1194 ex
640 1156 806 1193 materia
825 1156 1148 1199 constituuntur;
1172 1163 1263 1191 nam
1285 1162 1366 1192 non
1385 1156 1517 1199 potest
1539 1161 1628 1190 esse
1655 1161 1759 1199 aqua

134 1205 214 1244 nisi
233 1204 558 1243 habeatformam
579 1212 704 1251 aquae,
726 1212 800 1240 nec
815 1206 944 1249 potest
959 1210 1048 1240 esse
1063 1202 1170 1249 ignis
1184 1201 1263 1239 nisi
1284 1201 1428 1239 habeat
1447 1200 1615 1238 formam
1629 1199 1751 1247 ignis.

137 1253 309 1290 Privatio
330 1251 451 1298 igitur
473 1251 703 1297 hujusmodi
725 1251 861 1288 formae
881 1253 1108 1296 comparata
1128 1249 1176 1286 ad
1198 1248 1403 1285 materiam
1425 1256 1506 1284 non
1527 1250 1588 1284 est
1606 1246 1757 1284 malum

137 1303 302 1343 naturae,
325 1298 395 1336 sed
416 1301 644 1344 comparata
672 1297 720 1335 ad
740 1297 780 1335 id
801 1296 915 1344 cujus
942 1300 1001 1334 est
1022 1297 1149 1333 forma
1178 1299 1238 1333 est
1258 1296 1405 1332 malum
1429 1294 1529 1342 ejus,
1549 1294 1654 1332 sicut
1674 1294 1757 1339 pri·

136 1348 243 1385 vatio
266 1346 403 1383 formae
424 1346 530 1392 ignis
552 1345 770 1382 estmalum
786 1345 906 1391 ignis.
923 1345 980 1388 Et,
999 1343 1092 1391 qnia
1106 1347 1185 1379 tam
1200 1342 1443 1389 privationes
1460 1349 1579 1389 quam
1594 1340 1756 1378 habitus

138 1397 177 1432 et
208 1394 344 1430 formae
379 1401 459 1429 non
500 1391 686 1429 dicuntur
717 1401 806 1428 esse
836 1391 914 1428 nisi
945 1390 1164 1428 secundum
1198 1390 1303 1437 quod
1333 1389 1486 1426 suntin
1508 1387 1702 1434 subjecto,
1724 1387 1760 1425 si

139 1441 299 1488 quidem
320 1439 487 1486 privatio
509 1439 560 1476 sit
580 1438 729 1476 malum
751 1448 820 1484 per
841 1437 1176 1483 comparationem
1199 1437 1248 1473 ad
1279 1435 1501 1482 subjectum
1522 1435 1564 1471 in
1585 1443 1664 1482 quo
1685 1438 1761 1480 est,

139 1489 214 1526 erit
243 1487 393 1524 malum
425 1486 690 1532 simpliciter;
721 1486 784 1523 sin
817 1490 963 1528 autem,
999 1485 1072 1521 erit
1092 1484 1240 1520 malum
1262 1483 1433 1529 alicujus
1454 1486 1492 1519 et
1506 1490 1587 1519 non
1608 1482 1762 1528 simpli-

139 1535 264 1579 citer,
302 1534 505 1570 hominem
536 1533 659 1579 igitur
694 1532 838 1578 privari
867 1541 988 1568 manu
1022 1534 1082 1568 est
1102 1531 1250 1568 malum
1272 1530 1532 1577 simpliciter;
1554 1530 1762 1567 materiam

140 1586 271 1620 autem
293 1581 438 1627 privari
471 1581 598 1617 forma
628 1581 733 1618 aeris
761 1588 842 1617 non
874 1583 935 1617 est
960 1579 1107 1616 malum
1131 1577 1378 1624 simpliciter,
1415 1577 1486 1614 sed
1518 1580 1578 1614 est
1611 1576 1761 1614 malum

140 1630 260 1667 aeris.
302 1628 474 1665 Privatio
506 1631 637 1665 autem
667 1627 820 1665 ordinis
852 1630 918 1663 aut
946 1625 1352 1664 commensurationis
1382 1623 1522 1662 debitae
1542 1623 1585 1661 in
1605 1623 1763 1661 actione

142 1680 204 1714 θεῖ
224 1676 374 1713 malum
397 1675 594 1719 actionis;
617 1678 669 1720 et,
691 1675 785 1722 quia
807 1673 972 1711 cuilibet
1001 1673 1148 1710 actioni
1170 1676 1230 1710 est
1246 1672 1402 1710 debitus
1423 1670 1571 1718 aliquis
1592 1670 1690 1709 ordo
1727 1673 1766 1708 et

140 1724 192 1761 ali
224 1733 275 1760 ua
292 1722 644 1764 commensuratio,
666 1730 831 1759 necesse
848 1724 908 1758 est
930 1724 973 1758 ut
992 1721 1084 1758 talis
1101 1720 1269 1766 privatio
1288 1720 1331 1757 in
1351 1719 1507 1756 actione
1528 1717 1766 1765 simpliciter

141 1781 206 1808 ma
227 1780 291 1807 um
311 1770 468 1807 existat.

190 1818 258 1855 His
282 1817 405 1864 igitur
423 1816 537 1860 visis,
561 1815 769 1853 sciendum
802 1819 862 1853 est
888 1814 993 1862 quod
1017 1823 1095 1851 non
1119 1822 1237 1851 omne
1263 1813 1370 1861 quod
1390 1818 1452 1850 est
1476 1815 1618 1859 praeter
1635 1812 1764 1850 inten-

143 1864 294 1902 tionem
314 1866 470 1909 oportet
498 1872 588 1900 esse
613 1863 820 1900 fortuitum
839 1862 901 1898 vel
919 1861 1094 1905 casuale,
1116 1864 1160 1898 ut
1178 1861 1305 1907 prima
1323 1860 1425 1897 ratio
1442 1859 1702 1906 proponebat.
1725 1860 1765 1896 Si

144 1912 252 1949 enim
273 1910 379 1958 quod
402 1913 462 1947 est
482 1913 623 1956 praeter
641 1910 904 1946 intentionem
925 1909 977 1946 sit
996 1916 1249 1955 consequens
1270 1907 1319 1944 ad
1335 1907 1374 1944 id
1384 1907 1489 1954 quod
1499 1906 1766 1944 estintentum

142 1959 204 1996 vel
222 1966 378 2004 semper
392 1957 454 1994 vel
472 1957 577 1994 sicut
596 1956 838 2003 frequenter,
870 1963 951 1992 non
982 1955 1136 1992 eveniet
1156 1955 1319 1992 fortuito
1335 1954 1397 1991 vel
1415 1953 1641 1999 casualiter,
1663 1954 1769 1992 sicut

143 2006 186 2043 in
208 2015 254 2043 eo
266 2005 332 2052 qui
350 2003 520 2042 intendit
540 2003 750 2041 dulcedine
767 2002 850 2040 vini
872 2003 963 2046 frui,
985 2003 1019 2039 si
1041 2011 1088 2039 ex
1107 2002 1310 2048 potatione
1328 2001 1410 2038 vini
1428 2004 1619 2048 sequatur
1638 2000 1765 2038 ebrie-

142 2056 204 2090 tas
245 2060 402 2098 semper
438 2051 678 2098 frequenter,
717 2058 799 2087 non
837 2050 912 2087 erit
948 2049 1154 2086 fortuitum
1184 2058 1258 2086 nec
1287 2048 1476 2093 casuale;
1503 2051 1611 2086 esset
1635 2052 1769 2085 autem

144 2099 319 2143 casuale,
339 2100 373 2136 si
394 2101 627 2146 sequeretur
644 2101 687 2135 ut
706 2097 749 2134 in
768 2096 1040 2144 paucioribus.
1077 2096 1220 2134 Malum
1243 2105 1337 2144 ergo
1359 2095 1629 2142 corruptionis
1652 2098 1769 2133 natu·

143 2146 253 2190 ralis,
275 2146 349 2183 etsi
378 2148 567 2193 sequatur
599 2147 742 2191 praeter
773 2144 1036 2182 intentionem
1064 2143 1310 2191 generantis,
1340 2143 1600 2190 consequitur
1634 2145 1772 2181 tamen

145 2202 326 2240 semper;
358 2201 450 2230 nam
482 2201 639 2238 semper
671 2192 807 2230 formae
829 2191 951 2229 unius
980 2195 1041 2228 est
1060 2191 1246 2238 adjuncta
1263 2190 1432 2238 privatio
1453 2189 1772 2235 alterius3unde

144 2240 346 2286 corruptio
378 2248 461 2278 non
495 2239 624 2276 evenit
662 2239 877 2277 casualiter
912 2247 1041 2286 neque
1070 2242 1114 2276 ut
1133 2239 1174 2276 in
1193 2237 1466 2284 paucioribus,
1488 2237 1580 2274 licet
1596 2237 1768 2284 privatio

145 2288 384 2335 quandoque
396 2295 478 2324 non
491 2287 544 2325 sit
557 2285 707 2324 malum
727 2285 975 2333 simpliciter,
991 2285 1061 2323 sed
1077 2285 1261 2332 alicujus,
1275 2288 1320 2323 ut
1333 2284 1482 2322 dictum
1497 2288 1570 2322 est.
1585 2285 1624 2322 Si
1637 2287 1771 2322 autem

145 2336 199 2373 sit
218 2334 310 2372 talis
328 2334 495 2380 privatio
515 2342 602 2381 quae
622 2333 749 2380 privet
768 2333 809 2371 id
829 2333 935 2381 quod
946 2336 1006 2370 est
1027 2333 1202 2370 debitum
1234 2336 1441 2379 generato,
1459 2332 1533 2369 erit
1553 2331 1716 2369 casuale
1734 2334 1776 2368 et

145 2382 381 2429 simpliciter
399 2381 564 2426 malum,
585 2380 690 2419 sicut
710 2389 833 2428 quum
859 2383 1080 2418 nascuntur
1108 2384 1245 2426 partus
1269 2378 1517 2417 monstruosi
1537 2391 1546 2423 3
1568 2379 1644 2416 hoc
1665 2378 1773 2416 enim

145 2438 227 2466 non
248 2429 508 2476 consequitur
527 2428 575 2466 de
592 2428 831 2466 necessitate
851 2427 900 2465 ad
920 2427 961 2464 id
980 2427 1086 2475 quod
1107 2430 1168 2465 est
1185 2427 1397 2472 intentum,
1419 2427 1490 2464 sed
1512 2430 1573 2463 est
1595 2426 1631 2463 ei
1655 2434 1772 2472 repu-

146 2485 291 2524 gnans,
314 2484 437 2524 quum
459 2484 584 2523 agens
603 2475 784 2513 intendat
807 2474 1092 2522 perfectionem
1113 2474 1305 2522 generati.

191 2524 336 2576 Malum
356 2526 488 2561 autem
507 2522 676 2561 actionis
702 2522 845 2561 accidit
864 2521 907 2559 in
923 2521 1172 2559 naturalibus
1193 2521 1405 2569 agentibus
1426 2530 1474 2558 ex
1504 2519 1659 2558 defectu
1691 2519 1770 2556 vir·

146 2572 242 2608 tutis
261 2570 422 2615 activae3
444 2569 563 2614 unde,
594 2570 628 2607 si
653 2578 776 2617 agens
796 2569 915 2607 habet
932 2569 1116 2607 virtutem
1137 2568 1384 2613 defectivam,
1404 2568 1481 2606 hoc
1505 2567 1654 2604 malum
1674 2574 1772 2603 con-

147 2617 327 2663 sequitur
345 2621 486 2663 praeter
505 2617 782 2662 intentionem,
804 2616 872 2654 sed
895 2625 976 2654 non
998 2616 1070 2653 erit
1091 2616 1266 2661 casuale,
1283 2616 1378 2663 quia
1394 2615 1442 2652 de
1459 2613 1696 2651 necessitate
1712 2616 1775 2651 est

147 2671 398 2715 consequens
419 2664 467 2702 ad
478 2664 597 2702 talem
619 2668 815 2712 agentem,
836 2673 957 2711 quum
978 2663 1054 2701 tale
1071 2672 1195 2711 agens
1211 2663 1272 2700 vel
1293 2671 1450 2709 semper
1463 2660 1525 2697 vel
1547 2660 1775 2706 frequenter

146 2712 293 2756 patitur
313 2710 418 2747 hunc
452 2710 610 2749 virtutis
631 2711 850 2756 defectum;
873 2711 947 2748 erit
967 2713 1098 2748 autem
1120 2710 1294 2756 casuale,
1318 2710 1353 2747 si
1384 2708 1450 2746 hic
1482 2706 1660 2744 desectus
1682 2716 1772 2745 raro

146 2756 266 2794 talem
287 2756 498 2796 comitatur
520 2761 717 2805 agentem.

194 2805 238 2840 In
265 2803 476 2851 agentibus
506 2809 636 2842 autem
656 2804 894 2842 voluntariis
929 2804 1098 2842 intentio
1119 2807 1180 2841 est
1205 2803 1254 2841 ad
1283 2801 1432 2839 bonum
1466 2800 1626 2847 aliquod
1658 2801 1775 2847 panti-

147 2850 294 2903 culam,
308 2849 344 2888 si
364 2849 479 2888 debet
495 2851 609 2897 sequi
627 2851 730 2889 actio
745 2863 755 2896 ;
777 2861 867 2889 nam
889 2852 1130 2889 universalia
1147 2858 1228 2887 non
1243 2851 1415 2889 movent,
1430 2848 1500 2886 scd
1518 2848 1776 2894 particularia

148 2907 189 2935 in
208 2897 354 2947 quibus
377 2899 438 2935 est
455 2900 581 2935 actuS.
603 2897 644 2935 Si
673 2898 796 2945 igitur
817 2898 917 2936 illud
948 2898 1098 2936 bonum
1120 2896 1226 2947 quod
1255 2895 1475 2934 intenditur
1510 2895 1652 2933 habeat
1684 2903 1777 2933 con·
