1894 3223
669 81 757 118 Lm.
786 81 851 125 nl,
876 80 978 117 CAP.
1004 79 1109 118 xcn.
1632 80 1701 118 383

129 163 338 204 Sciendum
366 166 427 202 est
447 163 580 207 etiam,
600 162 707 210 quod
729 163 789 201 vis
812 162 939 200 activa
959 161 1180 208 spiritualis
1198 163 1364 205 naturae,
1384 160 1490 199 sicut
1508 164 1567 198 est
1586 160 1703 199 altior

83 220 203 260 quam
218 220 287 249 cor
316 211 454 255 oralis,
475 210 531 247 ita
550 209 668 247 etiam
690 213 751 247 est
777 209 1041 246 universalior
1059 220 1069 246 ε
1090 208 1196 246 unde
1213 216 1294 246 non
1321 208 1369 246 ad
1391 207 1528 245 omnia
1547 207 1594 245 ad
1615 217 1701 254 quae

82 267 128 296 se
165 261 279 296 exten
311 258 339 294 it
376 257 553 294 humana
586 256 743 299 electi0‚
765 265 808 293 sc
847 256 1020 293 extendit
1053 255 1266 302 dispositio
1293 255 1470 293 coelestis
1486 255 1699 307 corporis.

83 307 236 343 Rursus
255 305 381 341 virtus
408 303 594 340 humanae
624 303 767 340 animae
800 303 859 339 vel
885 303 1003 340 etiam
1033 303 1165 350 angeli
1186 304 1247 340 est
1266 302 1518 348 particularis
1538 302 1579 338 in
1598 309 1702 340 com-

81 352 287 399 paratione
322 351 370 388 ad
400 351 583 388 virtutem
617 349 806 394 divinam,
833 359 920 397 queo
953 350 1112 396 quidem
1149 352 1211 387 est
1248 349 1485 386 universalis
1520 352 1700 394 respectu

81 399 262 436 omniurn
295 397 460 434 entium.
483 396 546 434 Sic
565 405 661 444 ergo
687 396 847 444 aliquod
885 397 1033 433 bonum
1067 396 1244 433 accidere
1264 399 1395 441 potest
1415 396 1565 433 homini
1583 396 1701 434 ctiam

81 449 224 492 praeter
243 444 441 491 propriam
460 443 738 487 intentionem,
760 447 799 481 et
831 447 970 489 praeter
997 443 1297 480 inclinationem
1319 443 1542 480 coelestium
1562 450 1701 489 corpo·

82 501 186 537 rum,
208 496 246 529 et
265 495 406 538 praeter
429 491 663 538 angelorum
691 491 1052 534 illuminationem;
1075 499 1155 528 non
1187 493 1317 527 autem
1350 493 1490 536 praetcr
1527 489 1701 527 divinam

81 538 387 587 providentiam,
408 547 496 585 quae
515 541 577 576 est
604 537 876 583 gubernamini,
900 538 1002 575 sicut
1024 541 1062 574 ct
1091 537 1233 574 factiva
1252 536 1356 574 entis
1376 537 1415 573 in
1436 541 1627 583 quantum
1642 540 1703 574 cst

82 595 157 624 ens
177 598 186 623 :
209 586 314 623 unde
334 588 490 632 oportet
508 585 615 632 quod
636 585 772 622 omnia
794 585 868 622 sub
888 594 930 622 sc
959 585 1172 621 contineat.
1194 584 1258 621 Sic
1278 592 1373 630 ergo
1391 584 1540 630 aliquid
1568 583 1703 622 fortui-

82 637 167 671 tum
187 632 352 677 bonum,
371 632 433 669 vel
457 633 607 669 malum
631 635 763 678 potest
779 632 1010 678 contingere
1034 631 1200 675 homini,
1222 634 1259 667 et
1276 639 1346 676 per
1365 631 1700 676 comparationem

83 680 133 718 ad
159 679 306 726 ipsum,
324 683 363 717 et
394 688 464 725 per
495 679 831 725 comparationem
859 679 907 716 ad
934 678 1112 715 coelestia
1136 686 1315 723 corpora,
1337 680 1375 713 et
1399 686 1467 723 per
1499 686 1700 724 compara·

81 727 233 765 tionem
266 726 316 764 ad
353 726 531 773 angelos,
553 735 633 763 non
662 729 792 764 autem
823 735 892 772 per
915 725 1253 771 comparationem
1273 723 1321 761 ad
1343 725 1479 775 Deum.
1501 726 1598 762 Nam
1633 733 1701 772 per

83 773 421 820 comparationem
459 773 507 810 ad
539 773 670 819 ipsum
712 781 794 810 non
825 773 957 810 solum
995 772 1037 809 in
1066 771 1187 809 rebus
1220 771 1422 817 humanis,
1443 771 1513 809 sed
1552 780 1625 810 nec
1659 771 1701 810 in

83 821 260 869 qualibet
274 820 353 857 alia
369 829 425 864 re,
446 823 577 866 potest
592 829 681 858 esse
701 819 852 866 aliquid
873 819 1034 857 casuale
1052 822 1089 855 ct
1109 818 1383 864 improvisum.

132 867 234 912 Quia
252 876 345 904 vero
364 867 526 904 fortuita
547 870 642 904 sunt
660 876 747 914 quae
768 870 862 904 sunt
881 869 1022 912 praeter
1038 866 1313 909 intentionem,
1337 865 1443 902 bona
1475 869 1606 904 autem
1620 875 1702 905 mo·

84 914 185 952 ralia
204 917 344 960 praeter
370 914 632 951 intentionem
661 922 752 951 esse
771 922 850 950 non
881 916 1065 958 possunt,
1087 921 1175 949 cum
1193 912 1234 949 in
1255 912 1448 949 electione
1463 913 1700 958 consistant,

84 965 268 1008 respectu
302 969 441 998 eorum
466 968 547 997 non
580 962 712 1007 potest
749 960 827 997 dici
856 960 1003 1006 aliquis
1033 959 1134 997 bene
1151 959 1212 996 vel
1230 959 1332 996 male
1352 960 1591 1001 fortunatus,
1611 960 1702 998 licet

85 1011 268 1055 respectu
304 1015 442 1044 eorum
479 1007 609 1052 possit
643 1007 791 1054 aliquis
828 1006 905 1044 dici
938 1006 1039 1044 bene
1076 1006 1137 1044 vel
1166 1006 1270 1043 male
1306 1010 1437 1049 natus,
1466 1007 1625 1053 quando
1655 1015 1703 1044 ex

84 1054 256 1092 naturali
294 1053 559 1100 dispositione
594 1053 775 1100 corporis
809 1056 871 1091 est
903 1057 1021 1099 aptus
1061 1052 1110 1089 ad
1144 1053 1362 1090 electiones
1397 1054 1601 1098 virtutum,
1641 1054 1702 1091 vel

83 1101 285 1138 vitiorum.
307 1101 501 1146 Respectu
522 1103 654 1137 autem
681 1099 919 1137 exteriorum
939 1100 1150 1144 bonorum,
1170 1108 1258 1146 (111οῑ
1281 1102 1422 1145 praeter
1440 1100 1701 1138 intentionem

84 1147 240 1186 homini
266 1147 425 1184 evenire
453 1150 639 1192 possunt,
661 1150 794 1192 potest
823 1147 900 1184 dici
922 1147 1042 1183 homo
1063 1149 1102 1182 et
1127 1146 1228 1182 bone
1259 1149 1391 1191 natus,
1409 1145 1562 1184 etbene
1583 1147 1703 1186 fortu-

83 1198 220 1239 natus,
239 1196 279 1231 et
297 1203 320 1230 a
334 1195 414 1231 Deo
431 1193 690 1240 gubernatus,
710 1197 749 1230 et
768 1192 817 1230 ab
836 1193 990 1240 angelis
1012 1192 1251 1230 custoditus.

132 1240 398 1288 consequitur
415 1243 547 1277 autem
576 1249 624 1278 ex
652 1240 929 1287 superioribus
959 1240 1095 1278 causis
1113 1243 1151 1277 et
1171 1239 1279 1277 aliud
1297 1239 1488 1278 auxilium
1508 1243 1701 1287 quantum

83 1287 134 1326 ad
168 1288 299 1325 exitus
320 1295 492 1325 suarum
519 1287 737 1325 actionum.
762 1288 856 1324 Cum
889 1287 994 1324 euim
1025 1287 1146 1324 homo
1165 1290 1204 1323 et
1221 1287 1368 1334 eligere
1400 1287 1543 1325 habeat
1560 1291 1598 1324 et
1616 1296 1704 1333 pro·

85 1335 199 1382 sequi
213 1333 320 1382 quod
340 1334 472 1381 elegit,
493 1333 535 1371 in
557 1337 725 1381 utroque
746 1343 768 1372 a
788 1335 923 1372 causis
960 1333 1234 1380 superioribus
1265 1334 1474 1380 adjuvatur
1504 1335 1701 1372 interdurn

82 1381 147 1418 vel
176 1385 295 1419 etiam
332 1381 803 1427 impediturzsecundum
836 1381 1069 1419 electionem
1095 1381 1270 1427 quidem,
1304 1385 1348 1417 ut
1381 1381 1531 1418 dictum
1563 1385 1636 1426 est,
1661 1382 1702 1418 in

84 1432 279 1475 quantum
300 1428 421 1465 bomo
440 1428 502 1465 vel
522 1427 748 1474 disponitur
763 1427 811 1465 ad
832 1428 982 1474 aliquid
1000 1428 1226 1474 eligendum
1243 1436 1313 1474 per
1326 1428 1505 1465 coelestia
1518 1435 1698 1474 corpora,

83 1475 146 1511 vel
180 1475 295 1521 quasi
315 1475 539 1511 illustratur
567 1484 637 1522 per
656 1475 887 1522 angelorum
908 1474 1146 1519 custodiam,
1167 1474 1228 1511 vel
1260 1475 1379 1512 etiam
1402 1475 1615 1511 inclinatur
1634 1484 1703 1521 per

87 1522 358 1567 operationem
387 1521 585 1566 divinam3
606 1522 825 1559 secundum
847 1522 1121 1558 executionem
1151 1529 1258 1565 vern,
1288 1521 1328 1557 in
1356 1524 1548 1568 quantum
1582 1521 1703 1559 homo

87 1569 348 1616 consequitur
366 1577 414 1605 ex
431 1568 565 1614 aliqua
584 1568 780 1614 superiori
801 1577 923 1605 causa
941 1568 1063 1605 robur
1082 1571 1119 1605 et
1147 1567 1364 1605 efficaciam
1382 1568 1431 1605 ad
1458 1568 1703 1614 implendum

87 1615 193 1663 quod
224 1615 364 1662 elegit3
386 1624 473 1661 quae
489 1614 649 1662 quidem
682 1624 763 1652 non
791 1616 922 1652 solum
955 1625 976 1652 a
997 1616 1077 1652 Deo
1110 1617 1148 1651 et
1164 1615 1332 1667 angelis·
1353 1623 1443 1652 esse
1464 1619 1608 1661 potest,
1631 1616 1703 1653 sed

86 1662 207 1700 etiam
228 1671 252 1699 a
270 1661 506 1707 corporibus
530 1661 775 1705 coelestihus‚
797 1662 838 1699 in
853 1665 1043 1708 quantum
1069 1661 1162 1698 talis
1182 1661 1360 1699 efficacia
1378 1662 1419 1698 in
1440 1671 1606 1708 corpore
1627 1663 1703 1700 sita

86 1713 160 1746 est.
178 1709 430 1758 lilaniiestum
452 1711 514 1745 est
532 1709 638 1745 enim
653 1708 758 1755 quod
779 1709 898 1746 etiam
913 1709 1132 1746 inanimata
1145 1717 1312 1754 corpora
1330 1709 1522 1756 quasdam
1540 1709 1645 1747 vires
1666 1713 1704 1747 et

85 1755 288 1794 efficacias
317 1765 340 1792 a
359 1754 591 1793 coelestibus
617 1755 852 1801 corporibus
883 1759 1197 1802 consequuntur,
1217 1755 1336 1792 etiam
1364 1759 1506 1801 praeter
1525 1765 1593 1793 eas
1614 1765 1701 1803 quae

85 1802 135 1840 ad
154 1802 367 1849 qualitates
387 1802 537 1839 activas
552 1804 590 1838 et
609 1803 792 1848 passivas
822 1802 1108 1839 elementorum
1130 1806 1443 1849 consequuntur,
1462 1811 1564 1849 quas
1584 1804 1702 1841 etiam

84 1857 168 1886 non
187 1852 249 1886 est
262 1848 425 1886 dubium
441 1848 672 1886 coelestibus
691 1848 926 1895 corporibus
941 1858 1031 1886 csse
1052 1848 1273 1894 subjectas3
1292 1850 1396 1886 sicut
1411 1849 1515 1896 quod
1536 1858 1703 1896 magnes

85 1895 248 1934 attrahit
275 1895 437 1940 ferrum,
460 1895 578 1933 1101101
597 1905 644 1932 ex
663 1895 805 1933 virtute
826 1896 1001 1932 coelestis
1022 1895 1216 1942 corporis,
1237 1900 1275 1932 et
1293 1896 1445 1942 lapides
1467 1897 1643 1943 quidam,
1665 1901 1702 1934 ct

86 1942 219 1980 herbae
239 1942 339 1980 alias
365 1943 543 1980 occultas
575 1942 755 1980 virtutes.
787 1942 894 1980 Unde
925 1942 1026 1979 1111111
1055 1941 1239 1988 111011111οῑ
1270 1943 1375 1990 quod
1400 1943 1518 1980 etiam
1556 1944 1702 1991 aliquis

86 1989 208 2027 1101110
220 1989 363 2027 habeat
382 1999 430 2026 ex
449 1989 715 2035 impressione
733 1989 909 2027 coelestis
925 1990 1105 2036 corporis
1131 1989 1306 2036 aliquam
1331 1989 1549 2028 efficaciam
1570 1991 1612 2027 in
1633 1990 1701 2028 ali·

86 2036 232 2084 quibus
273 2035 461 2082 operibus
488 2036 696 2081 faciendis,
729 2045 830 2083 quas
868 2036 972 2074 alius
1010 2045 1092 2074 non
1129 2036 1274 2081 haben
1309 2041 1405 2083 puta
1441 2037 1621 2075 medicus
1661 2038 1702 2074 in

87 2082 282 2127 sanando,
304 2086 344 2120 et
369 2082 546 2129 agricola
581 2083 623 2120 in
654 2082 888 2129 plantando,
903 2087 941 2120 et
973 2083 1091 2121 miles
1126 2083 1169 2121 in
1196 2084 1426 2131 pugnando.
1446 2086 1553 2122 Hanc
1571 2087 1702 2122 autem

86 2128 305 2167 efficaciam
323 2130 450 2166 11111110
469 2128 683 2175 perfectius
702 2131 807 2169 Deus
835 2129 1068 2168 hominibus
1084 2130 1252 2177 largitur
1270 2130 1319 2168 ad
1338 2139 1413 2169 sua
1432 2140 1554 2178 opera
1571 2131 1702 2169 effica-

86 2175 185 2214 citer
220 2175 463 2227 exequenda.
483 2176 681 2220 Quantum
705 2185 802 2224 ergo
835 2176 883 2213 ad
920 2177 1092 2222 primum
1126 2177 1336 2223 auxilium,
1358 2179 1466 2226 quod
1486 2181 1548 2216 est
1574 2178 1616 2215 in
1636 2178 1706 2216 eli-

86 2221 232 2269 gendo,
251 2222 396 2260 dicitur
432 2223 537 2260 Deus
567 2222 770 2261 hominem
807 2222 977 2270 dirigere
995 2235 1005 2268 ;
1037 2227 1230 2270 quantum
1263 2233 1358 2262 vero
1394 2225 1445 2262 ad
1480 2225 1703 2263 secundum

85 2268 295 2321 auxilium,
315 2268 460 2306 dicitur
490 2269 693 2321 bominem
712 2270 937 2308 confortare
953 2281 963 2313 ;
982 2272 1021 2306 01
1039 2270 1124 2307 haec
1144 2270 1295 2309 auxilia
1322 2274 1543 2317 tanguntur
1578 2272 1699 2309 simul

83 2324 128 2354 111
149 2316 214 2352 Ps.
234 2323 364 2360 XXVI„
384 2318 420 2356 1,
447 2314 515 2353 ubi
545 2315 690 2353 dicitur
710 2327 719 2352 t
741 2317 915 2352 Dominus
941 2316 1162 2353 illuminatio
1190 2327 1283 2359 mea,
1303 2321 1339 2354 et
1355 2319 1455 2354 salus
1473 2328 1552 2353 mea
1565 2329 1577 2352 ε
1596 2327 1699 2363 quem

85 2362 214 2398 timebo
227 2363 246 2397 ?
264 2365 456 2409 quantum
491 2361 541 2399 ad
577 2362 749 2409 primum
768 2373 780 2403 :
799 2364 896 2400 Deus
909 2366 1092 2408 protector
1106 2365 1191 2400 vitae
1206 2373 1292 2401 meae
1309 2375 1322 2400 ε
1340 2373 1366 2400 a
1383 2373 1454 2409 quo
1479 2363 1668 2411 trepidabo
1681 2365 1700 2400 ?

85 2411 278 2456 quantum
297 2408 346 2446 ad
364 2408 598 2447 secundum.

133 2455 210 2500 Sed
229 2455 332 2508 inter
358 2455 443 2508 11000
462 2455 542 2508 duo
571 2455 720 2494 auxilia
739 2459 802 2494 est
825 2455 1050 2495 differentia
1067 2457 1226 2503 duplex.
1257 2457 1389 2495 Prima
1406 2456 1582 2504 quidem,
1602 2458 1699 2505 quia

85 2509 136 2541 ex
150 2502 300 2540 auxilio
317 2510 444 2547 primo
463 2502 672 2547 adjuvatur
687 2503 808 2540 homo
823 2506 903 2540 tarn
925 2503 967 2540 in
987 2504 1050 2542 his
1070 2513 1158 2550 quae
1172 2504 1305 2540 virtuti
1324 2505 1500 2542 hominis
1519 2505 1698 2544 subdun-

84 2551 162 2590 tur,
181 2557 299 2596 quam
317 2550 357 2586 in
379 2548 484 2586 aliis.
506 2548 581 2586 Sed
601 2549 821 2587 secundum
839 2549 1033 2587 auxilium
1053 2550 1104 2587 ad
1124 2550 1194 2587 illa
1208 2554 1361 2588 tantum
1381 2559 1425 2588 se
1445 2551 1632 2596 extendit,
1649 2551 1699 2590 ad

113 2604 175 2633 uae
193 2595 320 2632 virtus
345 2594 521 2633 hominis
538 2594 655 2633 valet.
677 2596 790 2640 Quod
811 2596 916 2633 enim
937 2596 1058 2634 homo
1082 2596 1241 2634 fodiens
1264 2598 1492 2644 sepulcrum
1523 2597 1700 2637 inveniat

83 2644 100 2678 t
131 2650 331 2686 esaurum,
351 2651 400 2680 ex
428 2642 540 2679 nulla
558 2642 735 2680 hominis
759 2642 902 2680 virtute
936 2643 1138 2689 procedit;
1154 2643 1259 2681 unde
1289 2648 1471 2690 respectu
1495 2645 1589 2683 talis
1609 2653 1698 2692 111·οο

83 2692 227 2726 ventus
248 2688 423 2735 adjuvari
443 2692 574 2735 potest
593 2689 715 2726 homo
734 2688 777 2726 in
797 2689 874 2726 hoc
899 2689 1004 2735 quod
1026 2689 1238 2736 instigetur
1270 2690 1320 2728 ad
1344 2691 1600 2738 quaerendum
1630 2691 1699 2730 ubi

86 2738 148 2773 est
166 2735 395 2781 thesaurus,
421 2744 503 2773 non
528 2738 659 2773 autem
676 2736 717 2773 in
743 2735 820 2774 hoc
851 2735 957 2782 quod
977 2736 1013 2772 ei
1034 2736 1168 2782 aliqua
1182 2737 1309 2775 virtus
1339 2738 1453 2775 detur
1470 2738 1519 2776 ad
1538 2739 1699 2778 thesau-

87 2789 177 2834 rum
199 2781 496 2820 inveniendum.
511 2784 553 2819 ln
574 2783 651 2820 hoc
671 2784 804 2819 01110111
824 2782 930 2828 quod
950 2782 1131 2820 medicus
1145 2787 1270 2828 sanet,
1291 2783 1352 2821 vel
1368 2785 1484 2822 miles
1504 2785 1545 2822 in
1565 2793 1700 2833 pugna

84 2831 233 2875 vincat,
250 2832 382 2876 potest
413 2828 592 2877 adjuvari
622 2829 666 2868 in
695 2828 774 2869 hoc
804 2828 913 2876 quod
936 2829 1058 2878 eligat
1080 2831 1357 2871 convenientia
1375 2831 1425 2872 ad
1444 2831 1578 2879 finem,
1600 2832 1699 2871 etin
