1894 3223
117 150 185 185 538
718 143 806 179 LIB.
835 143 892 186 lV,
920 143 1020 179 CAP.
1048 143 1146 179 XXV.

145 229 239 272 ium,
260 227 301 263 in
321 227 511 277 quantum
544 225 658 260 Pater
677 223 857 269 producit
888 222 1025 259 Filium
1046 232 1115 269 per
1144 223 1306 260 modum
1326 223 1565 265 intellectus,
1589 227 1632 261 ut
1647 233 1734 261 ver-

117 239 225 317 Eum,
248 272 432 318 Spiritum
464 273 596 308 autem
627 273 807 306 sanctum
847 279 916 315 per
954 269 1116 306 modum
1145 270 1374 314 voluntatis,
1393 271 1507 318 quasi
1539 280 1730 309 amorem.

119 320 340 359 secundum
375 318 449 354 hoc
482 316 677 363 oportebit
693 316 769 354 dici
799 316 906 363 quod
940 316 1160 354 secundum
1181 316 1441 354 differentiam
1461 317 1677 355 voluntatis
1694 321 1733 355 et

119 367 346 405 intellectus
365 364 407 401 10
438 365 517 400 Deo
538 365 650 400 Patre
679 363 972 409 distinguantur
992 363 1079 400 duae
1109 363 1388 408 processiones
1418 368 1457 401 et
1486 365 1564 402 duo
1599 373 1735 411 proce-

119 414 274 451 dentes.
296 410 370 448 Sed
390 411 576 448 voluntas
597 414 635 447 et
651 410 875 447 intellectus
895 410 935 446 in
956 411 1032 446 Deo
1051 411 1164 446 Patre
1182 419 1262 446 non
1277 410 1574 458 distinguuntur
1592 420 1734 448 secun·

120 460 213 498 dum
236 468 333 501 rem,
359 458 429 495 sed
451 458 581 494 solum
613 457 833 494 secundum
864 457 1073 501 rationem,
1095 459 1138 493 ut
1158 460 1364 495 ostensum
1386 461 1447 495 est
1467 458 1506 505 (l.
1526 468 1555 503 1,
1576 468 1610 494 e.
1631 461 1676 495 45
1697 461 1736 495 et

118 509 195 552 73).
219 505 403 552 Sequitur
420 504 539 552 igitur
558 504 663 550 quod
684 503 771 541 duae
789 504 1068 550 processiones
1089 506 1127 540 et
1157 503 1235 540 duo
1258 505 1515 549 procedentes
1551 504 1735 542 differant

121 554 252 591 solum
273 551 439 589 ratione.
461 553 514 588 Ea
527 560 621 589 vero
643 560 729 598 quae
749 550 879 588 solum
902 551 1053 587 ratione
1074 549 1262 587 differunt
1282 550 1386 587 dese
1405 551 1572 588 invicem
1595 552 1734 598 praedi-

120 604 261 638 cantur
278 611 287 644 3
307 608 443 635 verum
465 598 571 635 enim
592 601 652 636 est
670 597 800 634 dicere
821 597 927 644 quod
948 597 1080 634 divina
1101 596 1284 634 voluntas
1311 601 1370 634 est
1393 597 1618 636 intellectus
1634 599 1733 645 ejus,

119 650 159 685 et
178 657 197 683 e
218 654 424 684 converso.
445 647 587 682 Verum
609 654 703 691 ergo
735 644 810 681 erit
840 644 969 681 dicere
991 644 1096 691 quod
1132 644 1301 689 Spiritus
1333 648 1496 682 sanctus
1515 650 1574 682 est
1595 646 1732 690 Filius,

120 698 159 731 et
191 703 211 730 e
241 701 459 737 converso;
481 691 584 738 quod
622 695 682 729 est
713 690 942 728 sabellianae
974 690 1202 743 impietatis.
1230 691 1470 743 Nonqigitur
1500 692 1659 737 sufficit,
1682 692 1732 730 ad

121 740 419 779 distinctionem
453 739 621 785 Spiritus
649 738 776 776 sancti
798 742 835 774 et
866 737 966 781 Filii,
998 738 1128 775 dicere
1161 737 1267 784 quod
1300 738 1422 775 Filius
1452 739 1638 783 procedat
1666 747 1736 785 per

120 787 283 825 modum
304 786 542 830 intellectus,
565 789 603 822 et
621 785 788 831 Spiritus
809 789 972 822 sanctus
992 794 1061 831 per
1079 784 1241 821 modum
1270 785 1500 830 voluntatis,
1533 785 1613 822 nisi
1645 795 1735 823 cum

119 834 198 872 1]οο
219 834 371 870 dicatur
393 833 511 869 etiam
532 832 637 879 quod
658 832 827 878 Spiritus
848 836 1010 869 sanctus
1032 831 1084 868 sit
1104 841 1126 868 a
1146 831 1259 868 Filio.

168 883 358 921 Praeterea,
382 890 428 916 ex
449 880 524 917 1100
543 880 632 925 ipso
661 879 767 926 quod
787 879 930 915 dicitur
961 879 1067 925 quod
1094 878 1262 924 Spiritus
1284 882 1447 916 sanctus
1467 879 1645 925 procedit
1665 889 1734 925 per

121 928 284 965 modum
304 927 520 964 voluntatis
541 931 578 962 et
602 926 724 963 Filius
744 935 813 972 per
842 926 1004 962 modum
1022 926 1262 969 intellectus,
1285 926 1465 972 sequitur
1483 926 1588 973 quod
1611 926 1731 971 Spiri-

121 978 187 1012 tus
209 977 371 1011 sanctus
393 974 445 1010 sit
465 983 488 1010 a
507 973 604 1010 Filio
623 985 632 1017 3
655 982 745 1009 nam
770 982 881 1009 arnor
900 972 1077 1018 procedit
1093 982 1115 1009 a
1132 972 1271 1017 Verbo,
1288 981 1334 1009 eo
1355 973 1460 1019 quod
1481 973 1581 1010 nihil
1600 982 1733 1011 amare

121 1030 354 1069 possumus,
378 1020 458 1058 nisi
480 1020 598 1056 verbo
620 1020 752 1056 cordis
773 1020 871 1056 illud
891 1020 1179 1065 concipiamus.

167 1070 267 1111 Item,
288 1068 322 1105 si
344 1068 433 1114 quis
467 1067 644 1104 diversas
676 1067 829 1113 species
861 1076 991 1103 rerum
1023 1066 1262 1118 consideret,
1284 1066 1326 1103 in
1359 1067 1418 1103 eis
1452 1067 1612 1113 quidam
1634 1067 1731 1106 ordo

123 1115 358 1159 ostenditur,
381 1118 497 1160 prout
521 1114 692 1150 viventia
723 1118 816 1151 sunt
848 1123 968 1159 supra
1003 1122 1082 1150 non
1112 1114 1296 1153 viventia,
1322 1117 1360 1149 et
1392 1114 1580 1151 animalia
1614 1123 1734 1160 supra

122 1163 292 1208 plantas,
311 1165 349 1198 et
369 1162 487 1197 homo
509 1170 627 1206 super
646 1161 724 1198 alia
737 1161 937 1203 animalia,
954 1170 1075 1207 quum
1091 1160 1132 1196 in
1143 1160 1316 1206 singulis
1330 1160 1468 1197 borum
1486 1161 1630 1198 diversi
1648 1170 1734 1208 gra-

123 1209 198 1245 dus
219 1208 469 1244 inveniantur
489 1207 708 1244 seeundum
729 1207 905 1244 diversas
921 1207 1097 1252 species;
1120 1207 1224 1243 unde
1243 1211 1280 1243 et
1301 1208 1410 1244 Plato
1431 1208 1583 1253 species
1604 1217 1733 1246 rerum

123 1255 319 1292 dixitesse
341 1263 542 1298 numeros,
563 1255 631 1301 qui
643 1254 774 1300 specie
791 1254 1070 1299 varianturper
1085 1254 1327 1290 additionem
1344 1254 1401 1290 vel
1418 1254 1730 1291 subtractionem

122 1302 300 1339 unitatis.
326 1301 445 1344 Unde,
466 1301 506 1337 in
528 1301 764 1338 substantiis
800 1301 1142 1345 immaterialibus,
1167 1309 1248 1337 non
1269 1304 1399 1346 potest
1419 1310 1508 1338 esse
1526 1302 1732 1339 distinctio

124 1349 202 1386 nisi
235 1348 453 1385 secundun]
487 1347 680 1384 ordinem.
703 1350 745 1384 In
778 1347 922 1384 divinis
955 1351 1085 1384 autem
1117 1348 1314 1393 personis,
1335 1357 1421 1394 quae
1453 1352 1544 1385 sunt
1565 1349 1730 1386 omnino

124 1395 421 1439 immateriales,
445 1403 525 1430 000
554 1398 684 1440 potest
714 1403 802 1430 esse
833 1394 935 1430 alius
968 1394 1064 1431 ordo
1085 1395 1163 1431 nisi
1183 1394 1366 1441 originis.
1388 1396 1475 1431 Non
1500 1395 1621 1441 igitur
1641 1399 1734 1434 sunt

125 1442 212 1479 duae
232 1451 412 1487 personae
434 1441 481 1477 ab
501 1440 870 1486 unaprocedentes,
894 1441 972 1477 nisi
994 1450 1073 1477 una
1093 1450 1229 1477 earum
1249 1441 1435 1486 procedat
1457 1441 1504 1478 ab
1526 1442 1672 1487 altera;
1695 1446 1732 1479 et

127 1489 185 1525 sic
207 1492 361 1533 oportet
380 1488 564 1533 Spiritum
583 1492 764 1524 sanctum
782 1487 993 1532 procedere
1012 1497 1035 1524 a
1054 1487 1165 1524 Filio.

171 1535 315 1575 Adhuc,
338 1537 451 1571 Pater
472 1538 509 1570 et
540 1535 676 1580 Filius,
698 1538 887 1581 quantum
921 1534 968 1570 ad
1000 1534 1191 1570 unitatem
1224 1534 1423 1578 essentiae,
1446 1544 1525 1571 non
1546 1534 1736 1574 differunt

124 1582 201 1618 nisi
221 1582 261 1618 in
284 1582 357 1618 hoc
397 1581 501 1627 quod
530 1581 594 1618 hic
615 1586 676 1619 est
708 1585 817 1627 pater
837 1585 874 1617 et
904 1581 967 1618 hic
998 1585 1058 1618 est
1081 1580 1201 1618 filius.
1225 1581 1423 1628 Quidquid
1453 1582 1575 1628 igitur
1595 1586 1737 1628 praeter

121 1629 198 1666 hoc
230 1632 289 1665 est
327 1637 536 1665 commune
570 1632 628 1665 est
657 1628 759 1665 Patri
792 1632 829 1664 et
861 1628 971 1665 Filio.
1005 1630 1100 1665 Esse
1130 1632 1261 1665 autem
1294 1629 1531 1675 principium
1567 1629 1735 1675 Spiritus

122 1675 250 1713 sancti
269 1679 328 1712 est
346 1679 486 1721 praeter
505 1675 699 1712 rationem
719 1675 965 1720 paternitatis
988 1679 1025 1712 et
1049 1675 1280 1720 filiationis3
1307 1685 1398 1712 nam
1419 1676 1497 1712 alia
1516 1677 1656 1713 relatio
1678 1679 1739 1714 est

122 1732 201 1768 qua
220 1724 333 1758 Pater
351 1726 411 1759 est
431 1725 541 1768 pater
559 1726 692 1769 etqua
712 1724 825 1759 Pater
842 1725 903 1759 est
930 1722 1167 1768 principium
1203 1722 1373 1768 Spiritus
1393 1723 1535 1768 sancti,
1559 1728 1598 1760 ut
1618 1732 1739 1769 supra

122 1770 272 1851 dietum
294 1772 366 1806 est.
389 1771 484 1806 Esse
518 1769 640 1816 igitur
659 1769 897 1816 principium
928 1769 1095 1816 Spiritus
1112 1770 1240 1807 sancti
1258 1773 1319 1808 est
1345 1779 1556 1808 commune
1577 1772 1681 1808 Patri
1701 1774 1741 1808 et

124 1817 164 1853 Fi
185 1816 239 1853 10.

168 1863 349 1907 Amplius,
372 1862 563 1910 quidquid
593 1872 673 1899 non
705 1866 765 1900 est
785 1867 922 1900 contra
944 1863 1137 1901 rationem
1172 1864 1341 1910 alicujus
1362 1873 1443 1901 000
1464 1869 1523 1901 est
1544 1865 1734 1910 impossi-

119 1908 199 1946 bile
216 1910 252 1945 ei
270 1910 495 1954 convenire,
518 1909 595 1946 nisi
617 1910 716 1946 forte
749 1919 817 1955 per
837 1910 1036 1947 accidens.
1060 1912 1154 1947 Esse
1187 1914 1316 1948 autem
1349 1911 1590 1957 principium
1612 1912 1733 1957 Spiri-

119 1958 185 1992 tus
208 1956 334 1992 sancti
369 1965 450 1992 non
470 1959 531 1992 est
561 1961 700 1993 contra
734 1957 927 1993 rationem
959 1957 1060 2000 Filii,
1085 1967 1211 2003 neque
1237 1957 1278 1994 in
1313 1962 1505 2004 quantum
1537 1962 1597 1995 est
1617 1960 1735 2003 Deus,

123 2003 215 2048 quia
228 2004 353 2045 Pater,
374 2003 441 2048 qui
475 2006 534 2039 est
554 2004 672 2045 Deus,
698 2007 758 2039 est
777 2004 1016 2049 principium
1039 2005 1210 2050 Spiritus
1232 2005 1375 2049 sancti,
1397 2014 1525 2052 neque
1548 2006 1589 2041 in
1611 2014 1737 2052 quan-

122 2052 201 2086 tum
219 2053 279 2086 est
298 2048 418 2092 filius,
440 2059 487 2086 eo
502 2049 608 2096 quod
628 2050 706 2086 alia
725 2054 785 2087 est
804 2051 1007 2095 processio
1026 2051 1194 2096 Spiritus
1216 2052 1342 2088 sancti
1364 2055 1401 2088 et
1421 2052 1499 2088 alia
1521 2053 1607 2088 Filii
1625 2065 1633 2096 ;
1656 2061 1738 2089 non

121 2100 181 2132 est
199 2099 330 2133 autem
348 2105 575 2148 repugnans
593 2097 632 2133 id
653 2097 758 2143 quod
773 2101 833 2133 est
852 2108 873 2133 a
894 2097 1090 2143 principio
1121 2099 1341 2135 secundum
1363 2108 1482 2135 unam
1509 2102 1734 2144 processio—

119 2150 209 2178 nem
230 2151 318 2179 esse
338 2143 576 2188 principium
608 2144 880 2190 processionis
915 2145 1092 2181 alterius.
1111 2145 1361 2192 Relinquitur
1381 2146 1503 2192 igitur
1522 2146 1629 2193 quod
1651 2155 1734 2184 non

120 2189 172 2225 sit
190 2190 437 2235 impossibile
458 2190 597 2227 Filium
619 2200 708 2227 esse
737 2191 975 2237 principium
1006 2191 1176 2237 Spiritus
1197 2193 1338 2229 sancti.
1359 2193 1471 2236 Quod
1496 2198 1628 2230 autem
1650 2202 1732 2230 non

119 2241 180 2272 est
208 2236 456 2281 impossibile
492 2241 622 2282 potest
641 2247 743 2274 esse.
766 2239 810 2274 In
831 2238 975 2275 divinis
1005 2242 1136 2275 autem
1159 2248 1240 2276 non
1276 2238 1408 2277 differt
1428 2249 1517 2277 esse
1538 2244 1575 2277 et
1595 2249 1730 2286 posse.

117 2284 220 2365 ssrgo
235 2284 375 2365 tqus
396 2287 458 2321 est
473 2284 725 2378 tprincipium
759 2284 928 2331 Spiritus
961 2286 1102 2323 sancti.
1124 2286 1152 2333 (1
1173 2289 1288 2333 part„
1311 2297 1348 2334 q.
1371 2295 1511 2332 XXXVI,
1535 2291 1606 2324 art.
1627 2290 1673 2333 2;
1698 2290 1738 2325 et

152 2340 168 2364 e
186 2340 231 2375 po
253 2356 276 2371 .,
302 2341 339 2378 q.
361 2339 400 2374 X,
424 2340 496 2368 ar.
526 2342 553 2368 1«.

765 2466 931 2508 CAPUT
961 2468 1083 2509 XXV.

146 2580 334 2611 RATIONES
361 2584 585 2613 OSTENDERE
609 2585 836 2615 VOLENTIUM
862 2587 962 2620 QUOD
996 2588 1167 2617 SPIRITUS
1195 2588 1366 2618 SANCTUS
1392 2589 1472 2618 NON
1495 2589 1697 2619 PROGEDAT

611 2644 639 2672 A
663 2644 780 2681 FILIO,
807 2645 856 2673 ET
883 2645 1040 2675 SOLUTIO
1064 2647 1246 2676 IPSARUM.

162 2746 328 2799 Quidam
358 2758 465 2795 vero,
487 2751 740 2797 pertinaciter
758 2754 911 2791 veritati
945 2755 1132 2793 resistere
1157 2756 1351 2802 volentes,
1370 2756 1549 2804 quaedam
1580 2756 1618 2793 10
1639 2765 1735 2794 000·

113 2795 277 2829 tranum
297 2795 502 2842 inducunt,
524 2808 611 2844 quae
631 2801 695 2836 vix
715 2802 980 2847 responsione
1001 2807 1096 2839 sunt
1115 2802 1250 2850 digna.

161 2839 425 2878 Dicuntenim
445 2845 550 2889 quod
579 2847 855 2892 00011003,όο
889 2850 1148 2894 processione
1181 2850 1352 2896 Spiritus
1384 2850 1512 2886 sancti
1541 2849 1728 2897 loquens,

113 2895 203 2924 eum
223 2896 246 2925 a
265 2889 376 2927 Patre
395 2891 607 2937 procedere
625 2893 738 2941 dixit,
758 2895 869 2933 nulla
905 2897 1108 2935 mentione
1126 2896 1230 2937 facta
1260 2896 1310 2934 de
1328 2896 1442 2943 Filio,
1465 2900 1507 2934 ut
1534 2900 1640 2945 patet
1660 2897 1728 2936 ubi
