1894 3223
704 107 792 144 LlB.
821 109 867 152 tt,
891 109 996 145 CAP.
1025 109 1092 145 Lx.
1640 111 1705 147 18t

79 191 286 235 comparat
313 189 352 225 et
382 186 596 233 distinguit
622 187 727 224 inter
762 189 1005 226 intentiones
1038 189 1306 235 universales3
1339 192 1377 227 et
1408 191 1500 237 quia
1520 190 1706 236 perhanc

80 236 265 274 virtutem
298 234 419 272 simul
449 243 540 271 cum
571 234 829 286 imaginativa
865 239 902 272 et
933 237 1191 274 memorativa
1221 243 1489 284 praeparantur
1519 238 1707 283 phantas-

80 286 188 321 mata
218 285 261 319 ut
290 281 485 328 recipiant
507 281 704 318 actionem
726 281 952 319 intellectus
981 284 1149 329 agentis,
1169 294 1191 320 a
1224 294 1303 331 quo
1323 284 1422 321 siunt
1441 285 1708 331 intelligibilia

80 333 184 374 actu,
207 329 314 366 sicut
343 331 439 366 sunt
457 328 603 375 aliquae
637 331 742 365 artes
780 334 1046 375 praeparantes
1069 331 1273 368 materiam
1303 331 1442 368 artifici
1471 332 1704 378 principali;

79 376 170 414 ideo
189 375 375 422 praedicta
395 375 520 413 virtus
541 378 705 413 vocatur
724 376 887 412 nomine
908 376 1132 415 intellectus
1148 382 1185 414 et
1203 379 1383 421 rationis,
1401 378 1447 415 de
1468 388 1546 425 qua
1562 379 1705 416 medici

79 423 219 461 dicunt
253 422 359 470 quod
382 422 500 460 habet
535 422 668 459 sedem
690 422 731 458 in
762 423 893 460 media
919 424 1065 461 cellula
1086 425 1252 470 capitis;
1274 430 1312 462 et
1332 425 1549 462 secundum
1572 426 1703 472 dispo-

80 470 269 509 sitionem
291 469 410 515 hujus
444 469 606 506 virtutis
625 468 758 506 differt
788 469 908 507 homo
939 480 1043 507 unus
1073 471 1120 508 ab
1142 472 1221 509 alio
1241 473 1280 508 in
1321 473 1482 519 ingenio
1503 473 1595 509 etin
1615 474 1705 510 aliis

77 527 167 565 quae
186 517 382 563 pertinent
400 516 449 554 ad
469 516 774 562 intelligendum
791 529 800 561 ;
823 521 859 553 et
879 527 947 562 per
961 527 1076 555 usum
1095 519 1212 564 liujus
1229 523 1267 555 et
1287 520 1516 556 exele-ilium
1535 520 1705 566 acquirit

77 564 201 603 homo
239 563 417 601 habitum
453 563 646 601 seientiae.
683 564 791 600 Unde
824 564 981 601 habitus
1017 567 1274 602 scientiarum
1307 570 1401 603 sunt
1430 567 1470 602 in
1500 566 1703 604 intellectu

76 611 239 659 passivo
267 610 429 649 sicutin
468 610 662 655 subjecto.
698 612 742 647 Et
776 610 840 648 liic
871 612 1096 649 intellectus
1118 613 1300 657 passivus
1320 622 1343 650 a
1376 613 1572 659 principio
1593 614 1704 651 adest

78 667 220 706 puero,
243 667 313 704 per
330 666 448 704 quem
470 659 636 695 sortitur
656 657 816 703 specien
839 659 1067 702 humanam,
1088 664 1297 705 antequam
1320 664 1407 696 actu
1431 661 1640 707 intelligat.

125 705 238 750 Quod
256 708 387 742 autem
408 705 493 742 haec
523 705 604 743 sint
646 706 746 742 salsa
767 708 805 741 et
826 706 989 742 abusive
1011 706 1127 750 dicta,
1145 706 1346 743 evidenter
1368 712 1540 752 apparet.
1564 712 1707 753 opera·

79 751 212 790 tiones
241 752 347 789 enim
379 752 468 789 vitae
501 756 781 798 comparantur
801 752 849 789 ad
871 753 1042 789 animam
1068 756 1236 790 utactus
1255 754 1418 789 secundi
1447 754 1495 791 ad
1517 755 1702 801 primum,

81 803 123 837 ut
143 802 249 845 patet
267 808 337 845 per
350 799 601 837 Aristotelem
617 799 656 835 in
678 799 854 836 secundo
865 801 916 835 De
935 801 1058 834 anima
1074 800 1180 843 (text.
1196 809 1340 836 comm.
1364 800 1412 846 5).
1429 803 1548 837 Actus
1570 806 1702 839 autem

79 847 235 893 primus
263 846 304 883 in
333 846 472 883 eodem
499 845 686 892 praecedit
713 849 890 891 tempore
911 850 1041 882 actum
1064 847 1298 889 secundum,
1321 847 1424 884 sicut
1455 849 1624 885 scientia
1643 852 1706 886 est

80 897 172 931 ante
206 893 473 930 considerare.
508 895 552 930 In
585 902 836 940 quocumque
867 893 989 938 igitur
1019 893 1218 930 invenitur
1242 895 1375 940 aliqua
1408 896 1583 940 operatio
1599 896 1702 939 vitae,

82 944 239 987 oportet
270 940 312 977 in
340 949 388 977 eo
420 948 567 985 ponere
599 940 770 986 aliquam
793 944 942 985 partem
964 940 1120 984 animae,
1143 950 1230 986 quie
1252 946 1500 986 comparatur
1520 943 1567 979 ad
1593 943 1701 979 illam

80 988 353 1033 operationem
375 987 480 1024 sicut
501 990 614 1023 actus
635 987 787 1031 primus
804 986 852 1023 ad
874 987 1107 1023 secundum.
1137 988 1210 1024 Sed
1234 988 1352 1025 honio
1374 989 1701 1035 liabetpropriam

82 1035 354 1080 operationem
375 1042 496 1080 supra
522 1034 601 1070 alia
624 1033 826 1077 animalia,
862 1033 1015 1070 scilicet
1032 1033 1269 1080 intelligere,
1292 1039 1329 1071 et
1350 1036 1591 1079 ratiocinari,
1614 1046 1700 1082 quae

81 1085 141 1118 est
163 1081 340 1126 operatio
371 1080 547 1117 hominis
569 1081 607 1115 in
628 1084 818 1126 quantum
845 1084 905 1117 cst
925 1080 1058 1123 homo,
1082 1085 1121 1117 ut
1142 1082 1373 1118 Aristoteles
1396 1082 1489 1118 dicit
1511 1083 1551 1118 in
1572 1084 1700 1129 primo

77 1128 238 1165 Ethicor.
271 1127 320 1172 (c.
342 1127 392 1174 9).
413 1128 513 1171 Ergo
535 1131 689 1173 oportet
710 1127 751 1163 in
769 1127 930 1163 homine
952 1137 1098 1173 ponere
1125 1127 1283 1175 aliquod
1317 1129 1568 1175 principium,
1591 1130 1696 1176 quod

78 1175 237 1222 proprie
267 1174 334 1212 dat
364 1175 539 1220 speciem
570 1173 738 1218 homini,
771 1174 878 1220 quod
913 1183 957 1211 se
978 1175 1119 1211 habeat
1138 1174 1187 1212 ad
1218 1175 1438 1220 intelligere
1461 1176 1565 1213 sicut
1583 1181 1696 1214 actus

76 1222 231 1268 primus
256 1221 306 1258 ad
337 1221 574 1259 secundum.
610 1222 690 1257 Hoc
718 1224 849 1258 autem
883 1230 964 1258 non
993 1226 1124 1268 potest
1156 1231 1245 1260 esse
1266 1223 1491 1260 intellectus
1510 1224 1695 1269 passivus

77 1268 304 1315 praedictus,
325 1268 419 1316 quia
455 1268 690 1314 principium
727 1268 922 1314 praedictae
953 1269 1198 1314 operationis
1234 1273 1387 1315 oportet
1404 1279 1492 1307 esse
1513 1271 1699 1316 impassi-

78 1315 157 1353 bile
178 1319 216 1353 et
244 1324 324 1353 non
351 1316 516 1353 mixtum
538 1315 708 1361 corpori,
730 1319 773 1352 ut
793 1315 1062 1361 Philosophus
1095 1317 1233 1362 probat
1259 1317 1324 1363 (De
1354 1319 1489 1358 anima,
1512 1326 1568 1358 111,
1603 1322 1697 1355 text.

78 1371 225 1400 comm.
247 1362 296 1409 6),
318 1363 433 1409 cujus
453 1363 695 1400 contrarium
717 1366 878 1408 apparet
898 1362 944 1400 de
966 1363 1167 1400 intellectu
1188 1364 1361 1409 passivo.
1384 1366 1470 1401 Non
1492 1365 1614 1411 igitur
1635 1369 1698 1402 est

79 1409 273 1455 possibile
293 1409 399 1456 quod
419 1419 488 1455 per
506 1409 689 1446 virtutem
711 1409 965 1455 cognitivam,
985 1419 1072 1456 quae
1094 1410 1475 1449 diciturintellectus
1495 1412 1704 1458 passivus,

81 1457 201 1494 homo
221 1457 392 1502 speciem
414 1456 616 1499 sortiatur,
638 1465 707 1501 per
726 1465 843 1502 quam
865 1456 914 1493 ab
933 1456 1024 1494 aliis
1043 1457 1283 1494 animalibus
1305 1458 1472 1495 diflerat.

127 1503 274 1547 Adhuc,
309 1503 415 1550 quod
448 1506 511 1540 est
541 1503 676 1548 passio
697 1503 820 1548 partis
857 1504 1057 1540 sensitivae
1078 1513 1157 1541 non
1194 1508 1322 1549 potest
1341 1514 1487 1550 ponere
1506 1506 1546 1542 in
1567 1506 1698 1543 altiori

81 1559 229 1596 genere
257 1550 346 1588 vitae
380 1559 499 1596 quam
531 1549 679 1586 sitvita
698 1550 903 1591 sensitiva,
929 1551 1032 1587 sicut
1052 1551 1154 1596 quod
1178 1555 1237 1588 est
1257 1552 1392 1596 passio
1411 1553 1552 1589 animae
1574 1554 1698 1589 nntri-

78 1598 172 1634 tivae
211 1605 291 1634 non
314 1598 425 1643 ponit
445 1597 486 1633 in
508 1597 636 1634 altiori
658 1605 801 1643 genere
816 1597 904 1634 vttae
924 1607 1041 1644 quam
1061 1598 1111 1634 sit
1131 1598 1210 1635 vita
1229 1599 1427 1635 nutritiva.
1449 1602 1609 1637 Constat
1629 1610 1703 1637 au·

79 1647 159 1680 tem
180 1643 286 1690 quod
307 1644 517 1690 phantasia
551 1647 589 1679 et
610 1643 837 1689 hujusmodi
859 1645 1044 1689 potentiae
1066 1654 1152 1690 quae
1168 1645 1215 1681 ad
1236 1646 1362 1691 ipsam
1384 1651 1697 1693 consequuntur,

78 1694 122 1728 ut
152 1691 409 1728 memorativa
445 1694 484 1728 et
502 1690 748 1733 consimiles,
785 1695 880 1727 sunt
896 1691 1104 1736 passiones
1132 1692 1254 1737 partis
1275 1693 1488 1736 sensitivae‚
1509 1698 1550 1729 ut
1570 1694 1700 1731 Philo-

78 1738 232 1783 sophus
266 1738 406 1784 probat
434 1737 476 1775 in
497 1737 564 1774 lib.
585 1739 636 1773 De
665 1739 848 1774 memoria.
870 1739 956 1775 Non
973 1739 1093 1785 igitur
1114 1748 1184 1784 per
1222 1740 1428 1784 praedictas
1458 1740 1623 1778 virtutes
1638 1741 1698 1777 vel

78 1784 252 1832 aliquam
295 1793 429 1822 earum
454 1783 615 1831 aliquod
635 1784 782 1820 animal
801 1788 931 1830 potest
950 1785 1042 1830 poni
1066 1786 1106 1821 in
1127 1786 1257 1822 altiori
1289 1796 1433 1832 genere
1464 1788 1552 1824 vitae
1579 1797 1696 1834 quam

78 1831 132 1869 sit
154 1831 286 1868 anima
307 1831 512 1869 sensitiva.
535 1833 659 1868 Homo
693 1836 824 1868 autem
857 1835 917 1869 est
937 1832 977 1868 in
999 1832 1129 1869 altiori
1150 1842 1293 1879 genere
1315 1834 1401 1870 vitae
1422 1846 1430 1877 ;
1455 1834 1560 1880 quod
1594 1838 1699 1880 patet

76 1887 147 1925 per
169 1878 456 1925 Philosophum
477 1878 518 1915 in
539 1877 715 1915 secundo
745 1880 795 1914 De
825 1880 949 1915 anima
971 1879 1077 1925 (text.
1096 1889 1240 1916 comm.
1279 1881 1430 1926 14),qni
1447 1881 1705 1927 distinguens-

76 1934 225 1972 genera
251 1925 341 1964 vitae
374 1925 604 1972 superaddit
633 1925 931 1970 intellectivum,
953 1926 1056 1972 quod
1092 1927 1245 1963 homini
1273 1927 1462 1971 atti-ibuit,
1489 1929 1696 1972 sensitivo,

77 1972 183 2018 quod
203 1972 382 2010 attribuit
400 1972 667 2010 communiter
686 1973 794 2009 omni
816 1973 994 2010 animali.
1017 1975 1102 2010 Non
1119 1974 1241 2019 igitur
1260 1974 1380 2012 homo
1399 1979 1458 2012 est
1472 1975 1608 2013 vivens
1619 1976 1698 2012 vita

77 2018 156 2056 sibi
178 2020 338 2065 propria
355 2029 426 2066 per
440 2020 624 2056 virtutem
645 2019 900 2066 cogitativam
921 2020 1161 2066 praedictam.

125 2066 309 2110 Amplius,
344 2075 462 2103 omne
493 2074 657 2103 movens
689 2066 880 2112 seipsum,
902 2067 1120 2104 secundum
1143 2067 1248 2114 quod
1268 2068 1408 2114 probat
1428 2069 1698 2116 Philosophus

79 2111 120 2148 in
142 2115 280 2150 octavo
293 2112 437 2157 Physic.
452 2113 558 2159 (text.
580 2122 724 2150 comm.
744 2114 819 2160 40),
841 2115 1094 2160 componitur
1114 2125 1160 2151 ex
1180 2119 1362 2153 movente
1377 2120 1415 2152 et
1434 2120 1556 2153 moto.
1572 2119 1697 2154 Homo

80 2162 227 2203 autem,
249 2159 354 2196 sicut
382 2162 421 2196 et
445 2159 524 2197 alia
543 2160 744 2205 animalia,
777 2164 837 2197 est
856 2169 1022 2198 movens
1041 2162 1239 2207 seipsum3
1263 2171 1357 2208 ergo
1378 2172 1542 2200 movens
1562 2167 1600 2200 et
1619 2173 1699 2201 mo-

80 2208 161 2242 tum
184 2209 278 2242 sunt
297 2209 429 2251 partes
449 2206 592 2252 ipsius.
607 2207 782 2244 Primum
803 2211 935 2244 autem
950 2217 1114 2245 movens
1136 2209 1174 2244 in
1189 2209 1350 2246 homine
1371 2214 1431 2247 est
1448 2211 1696 2254 intellectus;

81 2261 174 2288 nam
194 2252 419 2290 intellectus
450 2262 524 2290 suo
544 2253 785 2300 intelligibili
807 2259 938 2291 movet
956 2256 1213 2292 voluntatem.
1236 2258 1313 2292 Nec
1333 2260 1463 2301 potest
1483 2257 1574 2301 dici,
1592 2257 1698 2302 quod

81 2298 194 2335 solus
215 2299 440 2337 intellectus
458 2301 644 2345 passivus
663 2301 716 2337 sit
735 2310 912 2346 movens,
935 2302 1028 2348 quia
1048 2303 1273 2338 intellectus
1285 2303 1469 2347 passivus
1491 2307 1550 2340 est
1564 2304 1695 2340 solum

79 2345 394 2390 particularium.
429 2347 471 2382 ln
492 2346 687 2384 movendo
707 2351 839 2384 autem
858 2348 1050 2394 accipitur
1077 2349 1317 2385 universalis
1350 2350 1500 2394 opinio,
1530 2359 1617 2396 quae
1637 2353 1698 2387 est

78 2392 305 2429 intellectus
325 2392 548 2438 possibilis,
567 2397 606 2430 et
624 2394 890 2439 particularis,
912 2404 998 2441 quae
1020 2399 1152 2441 potest
1171 2404 1259 2432 esse
1280 2396 1506 2432 intellectus
1527 2396 1694 2441 passivi,

82 2443 125 2475 ut
146 2442 251 2484 patet
269 2448 338 2485 per
357 2439 607 2477 Aristotelem
637 2440 679 2477 in
696 2441 813 2478 tertio
832 2443 884 2477 De
914 2443 1040 2477 anima
1058 2441 1166 2488 (text.
1188 2451 1333 2478 comm.
1355 2444 1413 2488 58)
1434 2446 1471 2478 et
1497 2443 1538 2478 in
1558 2447 1698 2481 octavo

79 2485 259 2532 Ethic.(c.
288 2485 337 2531 5).
389 2487 490 2532 Ergo
529 2485 754 2524 intellectus
797 2487 1004 2532 possibilis
1039 2492 1100 2525 est
1139 2487 1273 2534 aliqua
1304 2497 1395 2534 pars
1435 2489 1624 2534 hominis,
1659 2494 1698 2527 et

79 2535 141 2569 est
164 2532 272 2579 quod
293 2532 577 2579 dignissimum
610 2536 650 2570 et
667 2533 995 2572 formalissimum
1027 2534 1068 2571 in
1101 2534 1204 2580 ipso.
1238 2536 1336 2581 Ergo
1365 2535 1413 2572 ab
1447 2545 1494 2573 eo
1520 2537 1695 2582 speciem

78 2580 256 2625 sortitur,
279 2583 410 2617 etnon
432 2579 480 2616 ab
501 2579 703 2616 intellectu
719 2581 893 2625 passivo.

123 2626 267 2667 Adhuc,
290 2626 516 2664 intellectus
538 2626 745 2672 possibilis
766 2627 954 2672 probatur
969 2636 1051 2664 uon
1070 2636 1159 2666 esse
1179 2632 1291 2666 actus
1311 2630 1490 2676 corporis
1510 2630 1693 2677 alicujus,

79 2675 240 2718 propter
266 2673 344 2711 hoc
373 2673 479 2720 quod
509 2676 569 2710 est
600 2673 898 2719 cognoscitivus
933 2674 1111 2711 omnium
1143 2675 1359 2713 formarum
1379 2677 1632 2714 sensibilium
1652 2679 1692 2715 in

79 2719 309 2758 universati.
333 2720 451 2758 Nulla
467 2720 589 2767 igitur
607 2720 733 2757 virtus
752 2720 867 2766 cujus
887 2721 1065 2766 operatio
1086 2730 1129 2759 se
1149 2722 1358 2760 extendere
1386 2727 1517 2770 potest
1536 2724 1585 2761 ad
1606 2726 1694 2762 uni-

81 2766 245 2803 oersalia
279 2767 459 2805 omnium
491 2768 709 2805 formarum
743 2767 1009 2813 sensibilium,
1030 2772 1160 2813 potest
1179 2778 1268 2806 esse
1288 2774 1400 2807 actus
1418 2771 1587 2818 alicujus
1607 2781 1694 2809 cor-

79 2811 202 2864 poris.
224 2813 413 2851 Voluntas
437 2817 568 2851 autem
590 2818 650 2851 est
680 2813 924 2860 hujusmodi.
949 2815 1133 2853 Omnium
1162 2816 1266 2853 enim
1289 2825 1424 2854 eorum
1445 2827 1531 2864 quae
1552 2818 1694 2855 intelli‘

78 2866 213 2907 gimus
244 2869 462 2907 possumus
496 2861 642 2900 hahere
672 2862 931 2906 voluntatem,
967 2861 1109 2901 saltem
1142 2871 1189 2901 ea
1225 2865 1692 2911 cognoscendi.Apparet
