1894 3223
464 158 599 194 BERN.
626 157 784 193 MARIAE
811 157 871 192 DE
896 155 1060 192 RUBElS
1088 155 1399 192 DISSERTATIO.
1622 156 1741 192 XXVII

127 258 228 299 bent
243 268 398 297 nexum
419 255 595 307 subjecti
615 259 657 296 et
670 255 880 301 attributi3
897 255 1088 305 aliaeque,
1105 266 1200 305 quae
1223 253 1443 293 ratiocinio
1465 255 1735 306 colliguntur.

125 323 188 363 Ad
217 322 326 361 hanc
358 321 630 371 posteriorem
662 320 837 359 classem
869 319 1080 368 pertinent
1118 319 1312 358 veritates
1362 318 1514 368 aliquae
1567 319 1736 368 divinae,

127 377 224 438 quae‘
242 398 292 426 ex
312 385 527 426 effectibus
548 388 660 425 notae
674 386 794 432 fiunt,
815 384 999 433 supremi
1022 383 1213 433 principii
1234 383 1453 431 exstantia,
1489 383 1619 422 virtus
1649 384 1740 434 ejus

127 451 410 501 omnipotens,
445 461 493 490 ac
525 450 604 489 alia
636 449 838 488 attributa
866 459 960 498 quae
992 459 1188 497 supremo
1227 448 1430 499 principio
1468 450 1737 488 conveniunt.

127 515 319 566 Mysteria
341 515 434 554 fidei
455 514 690 554 christianae
711 513 922 563 pertinent
937 512 987 550 ad
1006 514 1155 559 Deum,
1173 512 1345 552 minime
1363 525 1436 563 per
1450 525 1499 553 ea
1514 520 1609 564 qua}
1627 514 1737 553 facta

128 583 226 619 sunt
246 579 478 631 cognitum,
500 579 570 618 sed
592 580 642 618 ad
662 579 813 628 ipsum,
837 577 1073 626 cujusmodi
1095 580 1157 616 est
1187 576 1229 614 in
1253 588 1295 615 se
1319 590 1328 615 :
1349 588 1433 626 quo
1454 576 1590 626 ipsum
1614 577 1740 615 modo

128 644 235 684 ratio
255 644 456 683 naturalis
489 643 730 693 conspicere
762 653 847 681 non
879 642 1002 689 valet,
1038 652 1135 680 cum
1169 641 1308 679 nullus
1336 641 1509 680 effectus
1539 640 1742 680 naturalis

128 708 265 758 ipsum
286 708 504 757 adaequem
528 719 664 758 neque
686 708 818 745 ullum
844 711 916 745 aut
934 705 1226 752 sufficientem,
1249 706 1321 754 qui
1348 709 1561 755 appareat,
1587 716 1739 744 nexum

127 772 336 822 exhibeat,
371 776 418 812 ut
455 773 551 812 inde
584 773 635 811 ad
676 772 827 821 ipsum,
865 769 1099 821 cujusmodi
1136 772 1198 807 est
1230 769 1273 807 in
1301 780 1359 818 se,
1400 772 1741 821 cognoscendum

128 841 334 889 assurgat.

183 903 389 954 Utrasque
409 903 601 942 veritates
621 901 805 940 admittit
830 899 1010 950 Baylius.
1034 899 1224 949 Pugnam
1254 898 1364 937 inter
1397 902 1595 949 utrasque
1628 910 1743 938 exer-

131 967 231 1016 ceri,
253 967 468 1007 contendit
497 967 565 1006 ille
597 968 798 1016 pernegat
817 963 1029 1014 Aquinas:
1053 963 1167 1012 quod
1195 963 1259 1002 his
1290 962 1442 1002 evincit
1470 963 1743 1014 argumentis.

131 1033 190 1071 Ac
208 1032 358 1082 primo,
385 1045 404 1068 α
424 1042 518 1081 quae
539 1030 784 1068 naturaliter
803 1028 955 1067 rationi
977 1031 1074 1066 sunt
1089 1027 1213 1066 insita
1234 1043 1273 1076 »,
1295 1028 1377 1067 sive
1397 1028 1467 1066 illa
1488 1039 1562 1078 per
1581 1028 1746 1067 eviden-

132 1098 218 1135 tem
240 1095 643 1135 demonstrationem
663 1096 763 1132 nota
794 1094 909 1141 fiant,
943 1093 1024 1131 sive
1054 1090 1344 1132 immediatum
1380 1092 1558 1143 subjecti
1587 1104 1742 1132 nexum

132 1169 229 1198 cum
249 1159 451 1198 attributo
467 1158 658 1207 offerant,
684 1172 702 1194 «
724 1158 933 1197 verissima
961 1169 1047 1197 esse
1069 1161 1249 1206 constat,
1265 1158 1308 1196 in
1328 1161 1494 1197 tantum
1522 1161 1568 1196 ut
1587 1169 1666 1197 nec
1693 1170 1742 1197 ea

131 1234 219 1263 esse
247 1223 351 1263 falsa
383 1224 436 1262 sit
465 1222 657 1274 possibile
686 1222 926 1274 cogitare».
951 1223 1077 1273 Atqui
1109 1235 1206 1262 vero
1244 1237 1264 1257 «
1284 1234 1422 1272 neque
1450 1222 1492 1261 id
1521 1222 1634 1273 quod
1664 1223 1744 1261 fide

131 1290 316 1337 tenetur,
338 1299 435 1328 cum
456 1292 597 1327 tamen
619 1287 834 1327 evidenter
854 1286 1050 1326 divinitus
1083 1288 1377 1327 confirmatum
1409 1286 1462 1326 sit
1489 1286 1590 1338 (sive
1623 1287 1744 1337 quus

132 1353 330 1393 revelatio
351 1353 489 1392 divina
510 1364 559 1392 eo
580 1353 815 1391 innotescat
847 1363 998 1403 genere
1032 1356 1396 1404 argumentorum,
1413 1363 1508 1402 quae
1530 1362 1648 1391 num.
1672 1351 1740 1399 III,

133 1416 258 1455 allata
272 1416 400 1467 sunt),
416 1416 475 1455 fas
489 1419 553 1455 est
566 1416 735 1455 credere
747 1427 835 1455 esse
850 1416 1000 1455 falsum
1012 1429 1030 1453 »
1049 1430 1058 1466 3
1075 1417 1187 1467 quod
1201 1417 1343 1465 etiam,
1356 1427 1451 1456 vera
1466 1419 1538 1454 aut
1548 1416 1743 1455 simulata

131 1480 289 1531 pietate
310 1481 475 1529 ductus,
491 1481 646 1520 fatetur
664 1480 843 1531 Baylius.
866 1480 970 1520 Hinc
989 1481 1131 1532 igitur,
1156 1495 1174 1518 «
1193 1482 1290 1532 quia
1309 1481 1445 1521 solum
1464 1481 1617 1520 falsum
1643 1492 1742 1520 vero

134 1544 391 1583 contrarium
414 1548 490 1593 est,
504 1547 553 1583 ut
577 1556 626 1583 ex
647 1554 794 1584 eorum
827 1545 1138 1584 definitionibus
1156 1546 1354 1596 inspectis
1376 1545 1593 1584 manifeste
1613 1557 1741 1595 appa-

135 1611 219 1655 ret,
240 1608 495 1658 impossibile
531 1611 592 1647 est
626 1609 706 1647 illis
737 1608 951 1659 principiis
981 1621 1075 1659 quae
1109 1610 1215 1649 ratio
1246 1611 1495 1649 naturaliter
1527 1610 1741 1662 cognoscit

134 1673 380 1722 praedictam
402 1673 618 1712 veritatem
635 1673 727 1712 fidei
749 1685 835 1713 esse
858 1674 1162 1714 contrariam».

188 1738 307 1777 Ratio
321 1738 513 1787 sequitur
533 1737 628 1786 alia,
650 1737 864 1788 aptissimo
899 1739 1091 1788 exemplo
1119 1739 1339 1779 illustrata.
1375 1741 1563 1791 Namque
1599 1753 1617 1778 «
1638 1741 1741 1779 illud

133 1802 263 1851 idem,
278 1802 414 1852 inquit
430 1802 633 1852 Aquinas,
651 1802 764 1852 quod
777 1802 992 1841 inducitur
1006 1803 1048 1841 in
1063 1803 1251 1843 animum
1270 1804 1461 1854 discipuli
1473 1816 1496 1843 a
1512 1806 1739 1852 docente»,

133 1867 221 1917 ipsa
243 1881 263 1902 «
284 1866 467 1906 doctoris
487 1866 659 1905 scientia
675 1866 877 1915 continet,
893 1866 970 1906 nisi
991 1867 1141 1907 doceat
1162 1868 1256 1908 ficte
1279 1881 1287 1907 :
1311 1869 1425 1919 quod
1446 1869 1497 1908 de
1517 1871 1603 1908 Deo
1622 1870 1739 1908 nefas

134 1934 196 1970 est
216 1930 406 1970 dicere».
428 1930 554 1980 Atqui
572 1930 910 1980 «principiorum
928 1932 1176 1972 naturaliter
1190 1936 1390 1972 notorum
1411 1934 1595 1985 cognitio
1625 1934 1745 1973 nobis

135 1995 332 2034 divinitus
351 1997 413 2034 est
443 1994 590 2044 indita,
622 2006 720 2034 cum
743 1995 829 2046 ipse
862 1997 971 2035 Deus
992 1996 1045 2035 sit
1064 2000 1212 2036 auctor
1239 2002 1396 2037 nostrae
1426 2001 1589 2037 naturae
1611 2012 1630 2035 ι)
1651 2011 1661 2047 ;
1697 2009 1746 2037 ac

135 2060 342 2099 rationem
363 2059 574 2108 indiderit,
595 2071 690 2110 quae
709 2060 902 2100 veritates
921 2062 1145 2100 nonnullas
1160 2073 1233 2112 per
1253 2074 1340 2102 sese
1357 2063 1488 2101 claras
1502 2062 1746 2103 immediate

135 2124 364 2176 cognoscit,
403 2124 590 2174 aliasque
629 2129 832 2174 praeterea
868 2125 1027 2165 lumine
1057 2126 1245 2175 priorum
1282 2127 1558 2166 collustratas.
1600 2127 1746 2177 Itaque

139 2201 158 2224 (ι
172 2188 263 2228 haec
277 2188 480 2239 principia
497 2188 743 2241 (omnesque
756 2190 950 2229 veritates
964 2202 1067 2240 quas
1081 2191 1290 2231 naturales
1308 2191 1599 2243 appellamus),
1617 2191 1746 2231 etiam

136 2252 275 2292 divina
294 2252 497 2302 sapientia
517 2253 718 2293 continet.
741 2253 950 2304 Quidquid
971 2255 1099 2306 igitur
1120 2269 1139 2292 n
1164 2256 1406 2295 adversatur
1430 2268 1448 2292 «
1469 2254 1682 2305 principiis
1705 2269 1743 2304 η,

134 2328 183 2357 ac
215 2317 457 2357 veritatibus
493 2318 789 2369 «hujusmodi,
813 2324 877 2358 est
906 2319 1056 2359 divinae
1090 2319 1312 2370 Sapientiae
1344 2320 1603 2359 contrarium
1627 2332 1635 2358 :
1659 2330 1745 2358 non

134 2380 263 2432 igitur
278 2393 301 2420 a
320 2382 405 2421 Deo
426 2393 512 2422 esse
533 2386 684 2432 potest.
703 2384 762 2422 Ea
774 2383 917 2435 igitur,
930 2395 1024 2434 quae
1039 2396 1088 2423 ex
1102 2384 1354 2423 revelatione
1375 2384 1515 2423 divina
1536 2384 1745 2434 perfidem

135 2448 347 2493 tenentur,
369 2456 455 2484 non
469 2450 642 2496 possunt
660 2447 840 2486 naturali
861 2448 1101 2499 cognotioni
1123 2459 1208 2487 esse
1225 2448 1480 2486 contraria».

189 2510 376 2549 Tertium
398 2510 556 2559 profert
575 2515 741 2550 sanctus
772 2512 952 2550 Thomas
974 2515 1237 2550 momentum
1270 2512 1462 2551 rationis:
1479 2525 1497 2549 «
1519 2512 1744 2552 Contrariis

136 2575 383 2623 rationibus,
405 2574 614 2625 inquiens,
634 2576 873 2615 intellectus
892 2581 1035 2615 noster
1061 2575 1230 2627 ligatur,
1263 2580 1311 2615 ut
1341 2576 1393 2615 ad
1423 2576 1508 2616 veri
1538 2577 1742 2628 cognitio-

135 2650 233 2679 nem
255 2639 482 2689 procedere
498 2635 694 2688 nequeat.
716 2640 756 2678 Si
777 2640 904 2691 igitur
924 2640 1144 2680 contrariae
1170 2640 1429 2692 cognitiones
1459 2641 1579 2681 nobis
1608 2654 1631 2680 a
1657 2644 1744 2682 Deo

135 2703 466 2743 immitterentur
499 2701 694 2758 (naturali
723 2704 860 2753 pervia
894 2704 1042 2743 lumini
1071 2705 1216 2753 altera,
1251 2709 1293 2744 et
1325 2706 1455 2745 altera
1481 2706 1745 2745 revelationis

135 2768 294 2808 lumine
312 2767 484 2820 innixa),
507 2779 556 2807 ex
570 2767 651 2807 hoc
670 2779 694 2806 a
713 2768 896 2807 veritatis
915 2769 1154 2820 cognitione
1174 2769 1412 2809 intellectus
1430 2773 1573 2810 noster
1606 2771 1741 2820 impe-

135 2833 296 2872 diretur
317 2845 328 2873 ς
350 2833 463 2883 quod
484 2844 507 2871 a
523 2833 607 2871 Deo
628 2843 717 2871 esse
733 2843 819 2871 non
838 2834 988 2882 potest.
1013 2833 1256 2884 Baylianum
1289 2837 1603 2874 monstruosum
1624 2846 1740 2874 com-

135 2902 327 2938 mentum
342 2900 393 2938 de
412 2898 507 2938 fidei
528 2909 666 2950 pugna
680 2908 778 2937 cum
792 2897 969 2948 ratione,
984 2896 1333 2939 luculentioribus
1350 2900 1606 2952 argumentis
1616 2911 1742 2940 nemo
