1894 3223
685 171 771 204 ΗΒ.
801 171 830 212 Ι,
858 170 958 204 CAP.
986 169 1089 204 XLII.
1657 174 1703 208 45

126 251 309 297 Amplius,
331 250 580 297 impossibile
601 253 661 287 est
682 258 805 286 unum
835 253 986 285 motum
1018 249 1252 286 continuum
1275 250 1330 296 (In
1367 258 1491 295 mai-g.
1516 250 1633 288 verba
1666 261 1700 287 et

78 298 326 345 re9u1a1·e,)et
347 298 526 344 regulare
547 307 569 333 a
590 297 770 342 pluribus
791 297 1013 333 motorihus
1035 307 1142 339 esse;
1168 306 1256 333 uam
1279 297 1311 333 51
1336 297 1453 334 simul
1481 302 1696 344 moverent,

81 345 218 382 nullus
256 354 392 382 eorum
431 348 492 381 est
523 344 720 390 perlectus
753 347 895 386 motor,
930 343 998 380 scd
1030 353 1168 379 omnes
1203 353 1244 380 se
1281 343 1425 380 habent
1458 344 1545 380 loco
1580 345 1698 382 unius

80 391 244 440 perfecti
266 391 454 436 motoris;
470 391 574 437 quod
591 400 671 428 non
686 390 873 436 competit
894 390 932 425 111
955 390 1081 435 primo
1102 394 1266 434 motore,
1284 390 1499 435 perfectum
1522 392 1625 427 enini
1643 396 1703 429 est

81 439 193 486 prius
211 438 454 484 imperfecto.
477 438 516 475 Si
538 441 668 474 autem
696 446 773 474 non
797 437 916 473 simul
938 441 1110 479 movent,
1139 438 1304 483 quilibet
1325 446 1460 474 eorum
1485 442 1545 474 est
1575 448 1700 484 quan-

82 486 212 532 doque
235 494 400 522 movens
429 488 467 521 et
493 485 732 531 quandoque
765 493 845 520 non
870 496 877 519 :
907 493 952 519 ex
985 494 1063 530 quo
1097 485 1277 531 sequitur
1305 484 1411 531 quod
1451 489 1583 521 motus
1618 494 1699 523 non

81 533 135 570 sit
167 533 383 569 continuus
415 540 542 578 neque
576 531 784 577 regularis.
815 532 940 567 Motus
973 532 1078 567 enim
1115 532 1330 567 continuus
1364 535 1401 567 et
1437 541 1540 568 unus
1563 536 1623 568 est
1654 532 1702 570 ab

82 588 163 616 uno
187 583 352 617 motore.
373 579 500 615 Motor
526 579 642 615 etiam
663 578 728 624 qui
751 587 830 614 non
856 587 1011 623 semper
1033 583 1174 621 movet,
1205 578 1475 623 irregulariter
1501 579 1700 616 invenitur

81 635 254 670 movere,
278 626 381 662 sicut
400 628 507 671 patet
530 625 570 661 in
592 625 815 662 motoribus
834 625 1091 661 interioribus
1110 625 1150 660 in
1171 624 1316 670 quibus
1336 629 1467 662 motus
1499 626 1699 663 violentus

81 673 124 710 in
146 673 341 719 principio
362 672 580 709 intenditur
600 677 638 708 et
669 673 709 708 in
741 671 817 708 fine
854 672 1095 708 remittitur:
1120 676 1252 708 motus
1286 676 1418 708 autem
1456 673 1648 709 naturalis
1682 682 1703 710 e

81 728 290 757 converso.
314 719 387 756 Sed
410 719 560 764 primus
595 723 726 755 motus
763 722 823 755 est
855 727 959 755 unus
991 722 1029 754 et
1062 719 1292 761 continuuS,
1315 722 1357 754 ut
1395 728 1418 754 a
1448 719 1702 765 philosophis

82 766 293 813 probatum
316 770 375 802 est
397 766 569 813 (Physic.
593 775 666 810 vn,
686 769 778 802 text.
802 773 944 802 comm.
967 767 1011 800 54
1032 768 1069 800 et
1087 764 1162 811 74).
1187 766 1286 811 Ergo
1321 769 1475 810 oportet
1502 766 1588 812 ejus
1619 775 1703 804 mo-

85 817 211 851 torcm
234 823 323 851 esse
344 822 480 849 unum.

129 860 261 897 Adhuc
281 888 289 903 ,
338 859 560 896 substantia
604 859 823 904 corporalis
867 859 1073 909 ordinatur
1117 857 1182 909 ad·
1213 857 1459 903 spiritualem
1506 859 1609 897 sicut
1653 861 1702 899 ad

84 916 200 944 suum
233 907 396 944 bonum.
429 908 526 943 Nam
555 910 615 943 est
645 907 714 943 illa
745 906 904 942 bonitas
937 905 1092 950 plenior
1121 914 1184 940 cut
1226 906 1446 950 corporalis
1476 907 1704 944 substantia

83 954 253 991 intendit
273 953 503 998 assimilari,
537 963 627 989 cum
659 962 776 989 omne
809 952 914 998 quod
949 954 1022 1002 est,
1055 951 1253 987 desideret
1282 952 1475 1003 optimum
1509 958 1701 1000 quantum

84 1001 276 1047 possibile
294 1004 367 1037 est.
391 1000 465 1036 Sed
486 1008 626 1037 omnes
656 1003 787 1035 motus
818 998 1039 1044 corporalis
1070 1002 1260 1049 creaturae
1291 1000 1547 1036 inveniuntur
1568 1001 1703 1038 reduci

85 1048 133 1084 ad
158 1056 278 1084 unum
311 1047 497 1092 primum,
519 1050 659 1091 praeter
678 1055 794 1091 quem
816 1055 894 1082 non
919 1049 978 1082 est
1006 1044 1114 1096 alius
1153 1054 1318 1090 primus,
1349 1046 1414 1092 qui
1439 1047 1549 1083 nullo
1583 1047 1701 1085 modo

83 1094 294 1131 reducatur
312 1095 352 1129 in
372 1094 517 1138 ipsum.
540 1094 640 1140 Ergo
662 1097 802 1138 praeter
821 1092 1086 1129 substantiam
1121 1092 1383 1137 spiritualem,
1405 1103 1491 1139 quae
1528 1098 1588 1130 est
1609 1094 1701 1132 finis

82 1141 198 1188 primi
221 1144 369 1185 motus,
391 1149 471 1176 non
505 1143 565 1175 est
597 1140 731 1186 aliqua
762 1149 849 1186 quae
883 1148 962 1175 non
998 1139 1208 1175 reducatur
1228 1139 1268 1174 in
1288 1140 1430 1184 ipsam.
1454 1141 1534 1177 Hoc
1566 1145 1699 1178 autem

85 1188 247 1225 nomine
270 1187 336 1224 Dei
357 1186 633 1233 intelligimus,
652 1196 731 1223 non
760 1190 818 1223 est
840 1186 960 1233 igitur
979 1186 1055 1222 [1151
1081 1195 1183 1222 1111115
1203 1187 1321 1222 Deus.

130 1235 300 1280 Amplius
322 1263 331 1278 ,
378 1234 557 1270 omnium
602 1233 847 1270 diversorum
892 1233 1165 1270 ordinatorum
1212 1233 1260 1269 ad
1303 1233 1472 1270 invicem
1515 1234 1612 1272 ordo
1655 1235 1701 1273 ad

83 1281 253 1318 invicem
285 1284 345 1318 est
365 1284 524 1326 propter
556 1281 735 1317 ordinem
759 1289 894 1317 eorum
930 1280 977 1316 ad
999 1279 1147 1326 aliquid
1183 1289 1324 1323 unum,
1355 1280 1457 1317 sicut
1488 1282 1585 1318 ordo
1621 1291 1705 1328 par-

83 1329 183 1365 tium
205 1328 400 1365 exercitus
420 1327 467 1364 ad
489 1327 644 1364 ducem.
668 1329 765 1364 Nam
786 1327 891 1374 quod
912 1327 1046 1372 aliqua
1065 1327 1219 1363 diversa
1240 1327 1280 1363 in
1314 1327 1546 1365 habitudine
1567 1328 1701 1376 aliqua

84 1375 287 1419 uniantur,
316 1383 397 1411 non
426 1378 556 1420 potest
587 1383 676 1411 esse
709 1384 755 1410 ex
776 1374 946 1419 propriis
968 1374 1120 1410 naturis
1154 1374 1373 1411 secundum
1405 1375 1510 1421 quod
1533 1379 1626 1412 sunt
1645 1376 1703 1412 di-

84 1430 214 1466 versa,
235 1421 329 1468 quia
348 1431 395 1458 ex
427 1422 502 1458 hoc
528 1422 657 1467 magis
685 1421 1039 1467 distinguerentur.
1071 1422 1148 1457 Nec
1179 1424 1309 1466 potest
1333 1430 1421 1458 esse
1455 1432 1501 1458 ex
1535 1422 1702 1460 diversis

84 1468 378 1512 ordinantibus,
415 1468 508 1514 quia
531 1477 610 1505 non
632 1472 870 1514 potestesse
897 1468 1001 1514 quod
1026 1477 1146 1504 unum
1174 1468 1352 1504 ordinem
1378 1468 1628 1506 intenderent
1656 1480 1703 1506 ex

87 1516 234 1562 seipsis
261 1515 481 1553 secundum
512 1515 618 1561 quod
637 1519 731 1552 sunt
760 1515 923 1551 diversi.
947 1517 989 1550 Et
1010 1515 1068 1551 sic
1088 1515 1147 1551 vel
1169 1515 1265 1551 ordo
1288 1515 1500 1552 multorum
1534 1516 1579 1552 ad
1603 1516 1702 1553 invi-

86 1571 173 1600 cem
207 1566 268 1599 est
301 1571 370 1608 per
408 1562 606 1602 accidens,
629 1562 690 1598 vel
730 1565 885 1607 oportet
907 1562 1093 1597 reducere
1126 1561 1173 1597 ad
1195 1561 1355 1607 aliquod
1384 1571 1507 1598 unum
1531 1564 1700 1608 primum

88 1609 294 1652 ordinans,
317 1608 384 1654 qui
405 1608 452 1644 ad
469 1608 586 1645 finem
609 1617 725 1654 quein
747 1608 916 1644 intendit
936 1609 1069 1644 omnia
1101 1609 1176 1644 alia
1209 1609 1379 1645 ordinat.
1402 1609 1548 1646 Omnes
1570 1614 1701 1646 autem

86 1655 360 1702 ραι-1051101115
393 1655 531 1691 mundi
564 1655 820 1691 inveniuntur
840 1655 1030 1691 ordinatae
1058 1655 1105 1690 ad
1139 1655 1321 1697 invicem,
1345 1657 1563 1692 secundum
1597 1657 1701 1704 quod

87 1702 267 1749 quaedam
288 1711 311 1739 a
348 1702 802 1748 quibusdamJ'uvantur,
841 1702 945 1738 sicut
974 1711 1142 1746 corpora
1174 1702 1363 1738 inferiora
1397 1707 1605 1739 moventur
1635 1713 1702 1749 per

87 1749 306 1795 superiora,
329 1753 366 1785 et
386 1749 469 1785 haec
490 1758 557 1794 per
575 1749 818 1785 substantias
840 1749 1108 1794 incorporeas,
1132 1752 1172 1785 ut
1191 1758 1237 1784 ex
1257 1749 1453 1794 praedictis
1476 1754 1591 1795 patet.
1620 1752 1700 1787 Nec

87 1796 164 1834 hoc
181 1799 241 1834 est
262 1805 329 1842 per
348 1796 546 1839 accidens,
569 1805 691 1842 quum
712 1795 770 1832 sic
796 1804 963 1841 semper,
986 1795 1046 1831 vel
1067 1796 1107 1831 in
1132 1795 1271 1841 maJori
1297 1800 1417 1840 parte.
1452 1797 1574 1843 Igitur
1593 1800 1700 1834 totus

88 1842 153 1880 hic
179 1842 352 1879 mundus
386 1851 467 1878 non
497 1841 612 1879 babet
646 1842 724 1879 11151
763 1851 883 1879 unum
918 1842 1186 1878 ordinatorem
1217 1846 1254 1878 et
1287 1843 1701 1888 gubernatorem;sed

85 1892 226 1936 praeter
247 1890 351 1926 hunc
373 1888 564 1926 mundum
594 1898 674 1926 non
701 1893 761 1926 est
778 1890 894 1925 alius.
918 1891 1005 1926 Non
1037 1893 1097 1926 est
1131 1889 1253 1935 igitur
1272 1889 1351 1926 nisi
1384 1899 1488 1927 unus
1520 1891 1699 1928 omnium

89 1945 219 1974 rerum
245 1935 487 1981 gubernator
504 1945 621 1983 quem
642 1938 764 1973 Deum
783 1936 966 1972 dicimus.

133 1983 278 2028 Adhuc,
300 1983 334 2020 si
356 1986 450 2020 sunt
481 1982 560 2020 duo
581 1992 749 2030 quorum
775 1987 984 2029 utrumque
1015 1985 1076 2018 est
1100 1992 1264 2019 necesse
1286 1992 1388 2024 esse,
1411 1988 1566 2030 oportet
1596 1984 1701 2032 quod

89 2030 330 2067 conveniant
347 2030 388 2066 in
406 2030 626 2066 intentione
657 2031 911 2067 necessitatis
945 2029 1104 2066 essendi
1127 2041 1135 2065 :
1159 2034 1313 2075 oportet
1345 2031 1467 2078 igitur
1493 2031 1598 2077 quod
1623 2032 1701 2069 dis·

86 2077 320 2124 tinguantur
339 2086 408 2123 per
427 2077 576 2123 aliquid
599 2077 705 2124 quod
725 2077 895 2121 additur,
917 2077 978 2113 vel
1006 2076 1073 2112 uni
1109 2080 1273 2121 tantum,
1298 2078 1358 2114 vel
1393 2078 1561 2124 utrique.
1585 2080 1627 2114 Et
1645 2079 1702 2116 sic

88 2127 244 2169 oportet
262 2123 516 2167 velalterum,
537 2124 598 2160 vel
621 2127 831 2171 utrumque
854 2132 943 2160 esse
962 2124 1242 2168 compositum.
1262 2124 1420 2161 Nullum
1448 2129 1579 2161 autem
1601 2135 1704 2163 com·

87 2170 263 2217 positum
285 2174 345 2207 est
366 2179 530 2207 necesse
549 2179 638 2207 esse
660 2180 728 2216 per
748 2180 791 2208 se
818 2171 963 2216 ipsum,
991 2171 1095 2206 sicut
1123 2180 1243 2215 supra
1275 2171 1374 2217 (cap.
1407 2172 1464 2218 18)
1496 2176 1701 2210 ostensum

88 2220 162 2301 est.
177 2216 438 2300 ‘Impossibile
459 2219 520 2255 est
537 2216 660 2265 igitur
674 2227 763 2255 esse
783 2217 898 2265 plura
917 2226 1087 2264 quorum
1104 2221 1312 2265 utrumque
1335 2218 1387 2255 sit
1406 2227 1571 2256 necesse
1591 2228 1700 2264 esse3

85 2272 109 2301 e
151 2272 210 2301 510
270 2272 359 2301 ures
418 2273 501 2301 eos.

133 2273 316 2357 Ampffius,
341 2310 438 2347 illud
459 2311 501 2347 in
519 2319 598 2357 quo
631 2310 818 2348 differunt
838 2311 899 2358 (ex
920 2320 998 2357 quo
1024 2314 1226 2356 ponuntur
1254 2312 1466 2349 convenire
1498 2313 1540 2349 in
1570 2322 1703 2351 neces·

87 2356 205 2394 sitate
228 2357 417 2404 essendi),
445 2360 513 2395 aut
533 2359 746 2405 requiritur
764 2359 812 2395 ad
834 2358 1166 2403 complementum
1184 2359 1434 2396 necessitatis
1449 2360 1608 2396 essendi
1630 2360 1701 2396 ali-

89 2412 169 2455 quo
201 2404 336 2448 modo,
363 2407 430 2440 aut
465 2413 560 2442 non.
589 2405 627 2442 Si
659 2414 738 2442 non
771 2405 997 2451 requiritur,
1030 2414 1124 2451 ergo
1154 2408 1215 2441 est
1240 2405 1389 2451 aliquid
1427 2406 1698 2442 accidentale:

89 2458 184 2496 qula
203 2458 320 2487 omne
340 2450 448 2496 quod
476 2451 634 2487 advenit
654 2452 723 2492 rei,
745 2451 844 2488 nihil
866 2451 1017 2488 faciens
1035 2452 1083 2488 ad
1115 2460 1203 2487 esse
1234 2452 1376 2496 ipsius,
1399 2455 1460 2488 est
1492 2453 1701 2493 accidens;

90 2504 185 2542 ergo
203 2496 279 2533 hoc
298 2496 483 2533 accidens
504 2497 622 2534 habet
641 2507 827 2542 causam3
850 2501 917 2534 aut
936 2507 1030 2544 ergo
1066 2498 1280 2534 essentiam
1297 2498 1398 2543 ejus
1422 2499 1526 2544 quod
1549 2503 1609 2535 est
1634 2508 1702 2536 ne-

89 2551 202 2580 cesse
224 2551 327 2587 esse,
347 2546 414 2580 aut
434 2543 583 2589 aliquid
601 2544 721 2580 aliud.
744 2545 782 2581 Si
804 2544 1019 2581 essentiam
1037 2544 1136 2590 ejus,
1159 2553 1249 2580 cum
1285 2544 1372 2590 ipsa
1392 2545 1611 2583 necessitas
1641 2555 1702 2583 es-

90 2589 204 2627 sendi
225 2590 278 2627 sit
296 2590 470 2626 essentia
489 2589 588 2636 ejus,
610 2594 653 2626 ut
670 2600 718 2627 ex
736 2591 934 2636 praedictis
957 2594 1062 2635 patet
1100 2590 1200 2636 (cap.
1225 2590 1295 2637 16),
1317 2592 1514 2629 necesitas
1542 2593 1701 2630 essendi

88 2636 164 2673 erit
181 2645 302 2673 causa
322 2636 432 2673 itlius
449 2636 680 2681 accidentis,
699 2637 767 2674 sed
789 2637 1010 2673 necessitas
1040 2637 1200 2674 essendi
1234 2637 1434 2675 invenitur
1452 2638 1493 2675 in
1513 2642 1700 2686 utroque;

91 2691 186 2730 ergo
207 2686 417 2729 utrumque
439 2683 598 2720 habebit
619 2683 717 2720 illud
738 2683 938 2720 accidens.
968 2685 1011 2719 Et
1031 2683 1089 2720 sic
1121 2692 1201 2720 non
1235 2683 1531 2731 distinguentur
1558 2695 1699 2723 secun-

89 2729 184 2766 dum
205 2730 317 2767 illud.
340 2730 380 2766 Si
406 2733 538 2766 autem
571 2738 693 2766 causa
720 2729 830 2766 illius
859 2729 1076 2767 accidentis
1108 2731 1159 2767 sit
1190 2731 1339 2777 aliquid
1360 2732 1482 2777 aliud,
1505 2732 1583 2770 nisi
1604 2742 1698 2780 ergo

89 2775 189 2813 illud
207 2777 314 2814 aliud
336 2780 455 2822 esset,
478 2777 552 2813 hoc
569 2777 755 2813 accidens
776 2785 856 2813 non
875 2779 992 2816 esset,
1023 2780 1061 2813 et
1079 2777 1157 2813 nisi
1178 2777 1254 2814 hoc
1274 2778 1459 2816 accidens
1481 2783 1600 2823 esset,
1619 2780 1699 2817 dis-

89 2822 230 2860 tinctio
250 2823 436 2870 praedicta
455 2832 536 2861 non
557 2827 675 2860 esset.
699 2825 799 2869 Ergo
821 2823 899 2859 nisi
920 2826 1027 2860 esset
1046 2823 1143 2860 illud
1173 2824 1294 2868 aliud,
1313 2825 1391 2862 ista
1411 2825 1490 2862 duo
1518 2835 1605 2873 quae
1633 2835 1701 2872 po-

89 2872 241 2906 nuntur
264 2879 428 2907 necesse
464 2878 566 2915 esse,
589 2879 670 2907 non
708 2874 843 2906 essent
865 2870 957 2913 duo,
979 2870 1049 2907 sed
1081 2880 1217 2908 unum.
1240 2873 1342 2918 Ergo
1372 2880 1460 2909 esse
1495 2873 1697 2918 proprium

89 2915 299 2964 utriusque
319 2921 379 2954 est
393 2917 620 2964 dependens
637 2916 685 2954 ab
703 2917 846 2963 alter0;
868 2916 985 2954 etsie
1009 2920 1194 2955 neutrum
1227 2921 1289 2956 est
1314 2927 1478 2957 neccsse
1512 2928 1602 2957 esse
1631 2927 1702 2965 per
