1894 3223
666 129 753 166 LIB.
782 130 845 174 ΙΙΙ,
874 129 974 165 CAP.
1003 128 1158 165 CXXXV.
1643 130 1714 166 449

89 211 242 251 fideles.
264 212 344 248 Nec
363 213 523 256 propter
542 209 618 246 hoc
646 209 753 256 quod
787 210 909 256 aliqui
944 210 1018 246 lloc
1052 209 1171 247 modo
1198 208 1354 246 vivendi
1387 208 1613 253 abutantur,
1648 208 1713 246 hic

90 259 236 298 modus
253 256 410 294 vivendi
442 259 574 302 potest
594 256 829 301 improbari;
852 265 942 292 cum
975 256 1092 293 ctiam
1122 255 1241 293 bonis
1271 256 1372 293 male
1405 259 1566 292 utantur
1601 255 1711 301 mali,

89 306 196 345 sicut
215 305 333 342 etiam
354 303 472 340 malis
488 302 589 340 bene
613 305 778 339 utuntur
795 302 904 339 boni.

137 352 291 389 Tertius
312 351 429 387 etiam
451 349 594 387 modus
621 349 776 386 vivendi
807 353 1076 395 paupertatem
1109 349 1373 386 voluntariam
1414 349 1713 387 assumentibus

90 398 290 441 convenit,
314 400 358 434 ut
376 397 530 434 scilicet
550 396 597 433 de
614 396 746 433 labore
768 406 956 433 manuum
973 397 1118 433 vivant.
1138 398 1221 433 Non
1243 397 1347 432 enini
1371 406 1511 432 vanum
1535 401 1594 433 est
1621 400 1716 433 tem-

91 445 247 493 poralia
273 444 484 488 dimittere,
513 447 556 480 ut
593 443 736 481 iterum
767 443 1023 489 acquirantur
1055 453 1123 488 per
1153 443 1327 479 laborem
1367 452 1572 487 manuum,
1611 444 1715 480 sicut

120 492 221 529 rima
240 491 341 528 ratio
362 491 404 528 in
424 490 668 528 contrarium
686 489 957 537 proponebat;
979 490 1073 536 quia
1103 489 1326 527 divitiarum
1347 491 1553 535 possessio
1575 495 1611 526 et
1634 490 1715 527 sol-

110 538 342 577 icitudinem
362 537 638 585 requirebatin
655 537 920 584 procurando,
938 537 997 573 vel
1018 537 1158 573 salleni
1176 536 1451 580 custodiendo,
1475 541 1511 573 et
1531 537 1715 575 affectum

92 585 272 624 hominis
293 585 342 622 ad
363 593 407 622 se
429 584 634 629 traliebat;
656 583 763 632 quod
784 593 864 621 non
885 583 1029 621 accidit
1049 583 1142 621 dum
1174 583 1320 630 aliquis
1339 593 1408 630 per
1437 584 1612 621 laborem
1631 593 1714 621 ma-

92 641 220 670 nuum
237 631 515 679 quotidianum
536 631 683 668 victum
704 631 907 678 acquirere
928 630 1074 667 studet.
1417 670 1427 678 ⁴

140 681 251 717 Patet
268 682 398 716 autem
419 678 525 726 quod
547 678 595 715 ad
615 678 900 725 acquirendum
920 687 989 723 per
1008 677 1184 714 laborem
1214 686 1404 714 manuum
1426 677 1570 716 victum
1596 686 1717 725 quan-

92 730 178 764 tum
199 725 350 764 suffieit
368 725 416 763 ad
438 731 588 763 naturae
609 725 940 763 sustentationem
960 724 1160 775 modicum
1193 728 1349 773 tempus
1371 724 1531 769 sufficit,
1566 729 1603 762 et
1634 733 1715 763 mo·

94 774 185 810 dica
204 772 435 811 sollicitudo
456 773 684 810 necessaria
704 776 782 816 est;
805 772 874 809 sed
907 771 955 808 ad
976 772 1134 808 divitias
1156 771 1473 817 congregandas,
1493 771 1554 809 vel
1577 780 1714 818 super-

95 820 220 858 fluum
239 820 386 858 victum
409 820 665 867 quaerendum
684 828 753 866 per
775 819 949 856 laborem
965 827 1168 862 manuum,
1191 818 1294 855 sicut
1311 818 1523 856 saeculares
1544 819 1716 856 artifices

94 866 323 912 intendunt,
344 867 677 914 oportetmultum
699 871 855 913 tempus
876 865 1116 911 impendere,
1139 869 1176 901 et
1196 873 1382 912 magnam
1403 865 1715 903 sollicitudinem

96 914 306 958 adhibere;
329 914 370 951 in
418 923 470 951 uo
490 918 594 960 patet
621 913 769 951 solutio
793 913 979 950 secundae
998 912 1179 949 rationis.

144 923 486 998 Considerandum
506 964 652 1004 autem,
674 960 780 1007 quod
809 960 1005 1012 Dominus
1028 960 1067 996 in
1091 959 1304 1011 Evangelio
1326 968 1407 997 non
1428 959 1602 1012 laborem
1622 968 1713 1012 pro-

96 1007 240 1053 hibuit,
265 1008 333 1044 sed
353 1007 665 1045 sollicitudinem
695 1010 840 1044 mentis
871 1016 943 1052 pro
964 1015 1203 1044 necessarus
1226 1010 1328 1043 vitae.
1361 1009 1448 1043 Non
1466 1016 1571 1044 enim
1591 1007 1715 1044 dicit:

94 1055 227 1092 Nolite
247 1054 440 1098 laborare,
463 1054 531 1091 sed
552 1055 661 1090 nolite
680 1055 827 1090 solliciti
853 1064 940 1095 esse,
962 1053 1068 1100 quod
1088 1064 1112 1091 a
1131 1053 1275 1090 minori
1297 1054 1448 1098 probat.
1471 1054 1510 1091 Si
1542 1054 1648 1090 enim
1669 1061 1718 1090 ex

95 1100 232 1138 divina
250 1100 499 1146 providentia
533 1104 810 1138 sustentantur
837 1109 930 1137 aves
963 1104 1001 1137 et
1025 1100 1121 1144 lilia,
1141 1109 1228 1146 quae
1250 1100 1452 1137 inferioris
1472 1100 1717 1137 conditionis

94 1151 204 1191 sunt,
227 1152 263 1184 et
284 1156 364 1185 non
385 1151 556 1193 possunt
577 1147 757 1185 laborare
785 1146 864 1183 illis
896 1146 1085 1192 operibus
1104 1146 1250 1193 quibus
1270 1146 1454 1183 homines
1476 1147 1550 1183 sibi
1570 1147 1717 1184 victum

95 1194 328 1242 acquirunt;
346 1194 472 1232 multo
493 1194 622 1241 magis
639 1193 861 1240 providebit
891 1193 1136 1238 hominibus,
1156 1193 1223 1240 qui
1257 1197 1352 1230 sunt
1372 1193 1568 1239 dignioris
1584 1193 1719 1230 condi-

94 1240 235 1287 tionis,
256 1245 295 1278 et
314 1241 460 1289 quibus
481 1241 589 1278 dedit
609 1241 833 1278 facultatem
850 1250 919 1286 per
941 1240 1123 1286 proprios
1145 1239 1302 1277 labores
1323 1240 1468 1278 victum
1492 1240 1715 1286 quaerendi;

96 1291 142 1326 ut
160 1288 220 1326 sic
239 1297 321 1326 non
341 1291 522 1334 oporteat
553 1289 672 1325 anxia
703 1288 972 1325 sollicitudine
991 1288 1038 1324 de
1069 1287 1308 1324 necessariis
1330 1287 1448 1333 liujus
1471 1288 1557 1325 vitae
1578 1287 1716 1334 afiligi.

97 1335 335 1420 Undedpatet
354 1335 461 1382 quod
480 1344 551 1384 per
563 1335 682 1373 verba
701 1335 858 1373 Domini
886 1344 974 1382 quae
995 1334 1299 1379 inducebantur,
1318 1335 1409 1371 huic
1423 1335 1542 1372 niodo
1556 1335 1714 1372 vivendi

96 1390 181 1421 non
226 1391 292 1420 ero
324 1386 424 1420 atur.

143 1431 223 1467 Nec
243 1392 362 1467 etigm
382 1429 458 1467 iste
490 1428 634 1467 modus
664 1428 820 1466 vivendi
838 1431 969 1475 potest
989 1427 1190 1474 reprobari
1222 1431 1381 1474 propter
1413 1428 1488 1466 hoc
1509 1429 1615 1476 quod
1637 1438 1718 1466 non

97 1475 286 1522 sufficiat,
313 1476 407 1523 quia
426 1476 502 1513 hoc
521 1479 565 1513 ut
583 1476 625 1513 in
643 1476 900 1522 paucioribus
931 1476 1076 1513 accidit
1094 1474 1201 1522 quod
1221 1475 1367 1521 aliquis
1388 1484 1468 1512 non
1490 1476 1618 1521 possit
1636 1479 1720 1513 tan-

97 1526 182 1561 tum
203 1523 339 1560 labore
361 1532 550 1560 manuum
576 1523 780 1570 acquirere
801 1523 904 1574 quod
927 1522 1100 1574 sufficiat
1120 1522 1167 1559 ad
1187 1522 1331 1574 victum
1355 1523 1639 1567 necessarium,
1655 1522 1718 1560 vel

96 1573 257 1617 propter
272 1569 557 1614 infirmitatem,
578 1571 639 1606 vel
661 1573 820 1616 propter
840 1569 988 1616 aliquid
1018 1569 1262 1615 hujusmodi.
1284 1571 1371 1605 Non
1392 1573 1452 1606 est
1473 1573 1603 1606 autem
1629 1578 1718 1615 pro·

97 1620 186 1663 pter
210 1616 407 1654 defectum
440 1617 507 1664 qui
541 1617 579 1653 in
610 1616 865 1662 paucioribus
895 1615 1036 1653 accidit
1065 1616 1199 1662 aliqua
1228 1615 1426 1653 ordinatio
1458 1615 1717 1663 repudianda.

98 1665 181 1702 Hoc
198 1664 305 1701 enim
328 1664 425 1701 etin
458 1664 707 1701 naturalibus
728 1667 766 1700 et
791 1663 830 1700 in
852 1663 1089 1700 voluntariis
1120 1663 1441 1700 ordinationibus
1462 1664 1619 1708 accidit,
1643 1672 1716 1702 nec

97 1715 160 1749 est
179 1710 326 1758 aliquis
347 1710 490 1748 modus
507 1710 661 1747 vivendi
679 1720 747 1756 per
764 1719 881 1756 quem
902 1710 955 1747 ita
974 1709 1226 1756 provideatur
1245 1710 1398 1747 bomini
1420 1711 1513 1757 quin
1536 1711 1716 1757 quando-

96 1767 175 1805 que
194 1758 324 1804 possit
343 1757 523 1794 deficere.
545 1759 640 1795 Nam
656 1762 692 1794 et
710 1757 857 1794 divitiae
878 1757 981 1794 furto
997 1760 1062 1795 aut
1083 1757 1220 1803 rapina
1239 1761 1409 1802 possunt
1427 1758 1592 1802 auferri;
1613 1758 1718 1795 sicut

97 1808 136 1842 et
155 1804 224 1852 qui
244 1804 292 1842 de
313 1805 448 1842 labore
467 1813 658 1841 manuum
682 1804 775 1840 vivit
802 1807 932 1850 potest
952 1804 1162 1840 debilitari.
1184 1805 1374 1841 Remanet
1402 1807 1531 1841 tamen
1554 1804 1716 1852 aliquod

95 1851 317 1890 remedium
337 1852 444 1889 circa
462 1851 611 1889 dictum
630 1851 792 1888 modum
823 1850 994 1894 vivendi,
1019 1854 1059 1887 ut
1076 1850 1230 1887 scilicet
1249 1851 1285 1887 ei
1317 1851 1381 1887 cui
1412 1851 1523 1888 labor
1558 1852 1610 1888 ad,
1627 1861 1716 1897 pro-

95 1898 228 1945 prium
246 1898 393 1936 victum
421 1907 501 1936 non
532 1897 694 1943 sufficit,
716 1898 975 1935 subveniatur
994 1897 1054 1934 vel
1084 1906 1153 1943 per
1171 1897 1273 1934 alios
1294 1897 1471 1943 ejusdem
1496 1899 1715 1943 societatis,

95 1945 164 1993 qui
184 1945 275 1992 plus
295 1949 466 1992 possunt
499 1945 678 1983 laborare
699 1954 814 1992 quam
839 1945 898 1982 eis
919 1945 1191 1997 necessarium
1211 1944 1276 1989 sit,
1311 1945 1372 1997 vel
1405 1945 1522 1983 etiam
1551 1956 1620 1991 per
1646 1955 1716 1984 eos

94 1992 165 2040 qui
185 1992 344 2030 divitias
369 1992 585 2039 possident,
621 1992 842 2030 secundum
870 1992 997 2038 legem
1034 1994 1210 2028 caritatis
1231 1994 1269 2028 et
1288 1992 1474 2030 amicitiae
1504 1993 1713 2034 naturalis,

95 2049 176 2087 qua
192 2048 298 2078 unus
320 2039 440 2077 homo
461 2040 574 2076 alteri
594 2039 778 2077 subvenit
810 2039 1019 2086 indigenti.
1042 2038 1164 2083 Unde,
1186 2047 1277 2076 cum
1296 2040 1511 2085 Apostolus
1535 2040 1715 2084 dixisset,

90 2087 113 2124 1
131 2086 286 2130 Thess„
307 2095 366 2132 111,
386 2089 430 2124 10
452 2098 460 2123 :
483 2086 554 2130 Qui
573 2096 645 2122 non
663 2087 742 2122 vult
759 2088 916 2131 operar-i,
936 2095 1000 2122 nec
1034 2086 1238 2127 manducet,
1259 2089 1418 2132 propter
1443 2087 1537 2124 illos
1552 2087 1619 2134 qui
1639 2087 1716 2124 sibi

96 2141 176 2170 non
195 2132 402 2170 sufficiunt
421 2132 471 2170 ad
490 2133 637 2170 vietum
670 2133 926 2180 quaerendum
963 2132 1123 2178 proprio
1144 2132 1294 2177 labore,
1314 2133 1448 2170 subdit
1478 2134 1717 2172 admonitio-

96 2188 188 2217 nem
201 2179 267 2273 3a31
295 2179 398 2217 alios
430 2179 599 2217 dicens:
622 2180 692 2216 Vos
722 2182 841 2216 autem
869 2179 978 2215 notite
1015 2179 1161 2225 deficere
1190 2180 1460 2224 benefacientes.
1493 2181 1548 2227 (11
1579 2182 1716 2227 Thess„

95 2234 154 2269 111,
179 2229 193 2263 1
227 2254 235 2262 .

143 2274 239 2325 Cum
256 2272 375 2311 etiam
409 2272 459 2310 ad
493 2272 947 2325 victumnecessarium
974 2282 1100 2319 pauca
1129 2272 1344 2318 sufficiant,
1365 2282 1443 2311 non
1466 2277 1621 2320 oportet
1641 2283 1711 2313 eos

95 2328 163 2367 qui
182 2320 352 2357 modicis
373 2322 468 2358 sunt
488 2322 679 2364 contentl,
697 2328 885 2366 magnum
902 2323 1059 2365 tempus
1078 2329 1272 2365 occupare
1294 2321 1335 2356 in
1356 2321 1595 2358 necessariis
1613 2330 1717 2367 quae·

95 2366 232 2404 rendis
248 2366 383 2404 labore
404 2375 615 2411 manuum;
637 2369 675 2403 et
694 2366 749 2402 ita
765 2375 845 2403 non
866 2366 1136 2413 impediuntur
1156 2367 1322 2403 multum
1346 2367 1394 2404 ab
1414 2368 1504 2404 aliis
1527 2368 1714 2412 operibus

95 2413 388 2460 spiritualibus,
423 2417 582 2459 propter
614 2422 702 2461 quae
731 2417 1001 2459 paupertatem
1026 2413 1291 2450 voluntariam
1329 2418 1655 2459 assumpseruut;
1678 2417 1717 2452 et

93 2460 293 2507 praecipue
313 2469 404 2497 cum
424 2460 610 2497 manibus
644 2460 845 2506 operando
865 2461 1023 2506 possint
1053 2460 1101 2497 de
1130 2461 1209 2497 Deo
1232 2460 1420 2506 cogitare,
1444 2465 1481 2497 et
1510 2471 1598 2497 euin
1630 2461 1716 2498 lau-

95 2507 204 2552 dare,
226 2511 264 2544 et
282 2507 361 2544 alia
381 2506 611 2554 huJusmodi
642 2506 784 2551 facere,
805 2516 891 2553 quae
913 2506 1170 2553 singulariter
1189 2506 1266 2544 sibi
1297 2507 1473 2544 viventes
1503 2508 1714 2545 observare

93 2557 262 2600 oportet.
285 2553 360 2590 Sed
381 2563 430 2590 ne
462 2553 627 2590 omnino
646 2553 687 2590 in
708 2553 983 2598 spiritualibus
1011 2552 1199 2600 operibus
1234 2553 1512 2599 impediantur,
1546 2557 1717 2600 possunt

94 2601 216 2639 etiam
237 2601 407 2638 aliorum
429 2600 604 2637 fidelium
621 2599 826 2637 beneficiis
846 2600 1037 2646 adjuvari.

142 2648 250 2685 Licet
268 2651 401 2684 autem
426 2646 652 2684 voluntaria
671 2650 882 2692 paupertas
902 2655 984 2684 non
1004 2649 1233 2684 assumatur
1250 2650 1411 2693 propter
1430 2647 1557 2686 otium
1577 2648 1716 2686 tollen·

93 2693 190 2732 dum
222 2698 292 2732 aut
316 2703 476 2731 carnem
496 2693 774 2731 macerandam
789 2702 906 2739 opere
927 2693 1117 2745 manuali,
1136 2693 1230 2740 quia
1249 2695 1325 2731 hoc
1346 2697 1384 2731 et
1403 2693 1561 2733 divitias
1587 2696 1716 2742 possi-

100 2740 240 2778 dentes
261 2741 389 2779 facere
411 2744 588 2787 possent,
611 2749 692 2777 non
720 2744 781 2777 est
811 2744 943 2777 tamen
970 2740 1135 2777 dubium
1156 2741 1253 2786 quin
1290 2740 1403 2778 labor
1432 2742 1632 2780 manualis
1666 2742 1716 2781 ad

94 2788 281 2834 praedicta
299 2789 440 2832 valeat,
460 2788 579 2824 etiam
600 2787 675 2824 sub
711 2786 868 2824 modica
899 2788 1028 2823 victus
1051 2787 1302 2825 necessitate.
1323 2790 1468 2825 Tamen
1502 2790 1624 2826 otium
1647 2799 1718 2835 per

95 2834 196 2871 alias
211 2836 495 2881 occupationes
516 2834 698 2872 utiliores
723 2838 854 2880 potest
870 2834 1031 2877 auferri,
1051 2837 1089 2870 et
1108 2834 1241 2871 carnis
1272 2836 1599 2881 concupiscentia
1616 2837 1713 2873 vali-

93 2880 274 2922 dioribus
291 2881 479 2921 remediis
501 2881 700 2921 edomari:
717 2880 821 2919 unde
839 2884 996 2928 propter
1016 2879 1245 2928 hujusmodi
1265 2891 1409 2920 causas
1429 2892 1509 2919 non
1531 2883 1716 2919 imminet

1516 2960 1556 2989 29
