1894 3223
110 123 178 158 186
717 118 805 155 LIB.
833 117 881 161 11,
906 118 1009 154 CAP.
1037 118 1134 156 LXII.

108 210 204 238 vero
233 200 456 245 intelligere
494 207 574 235 non
609 201 763 244 poterat
796 197 971 245 aliquam
1008 198 1272 236 substantiam
1304 199 1615 236 intellectualem
1645 208 1736 238 esse

109 247 292 294 corporis
314 245 496 289 formam,
517 245 653 290 posuit
667 244 896 291 praedictam
915 245 1100 283 virtutem
1116 254 1198 283 non
1213 255 1304 283 esse
1321 245 1525 282 fundatam
1540 246 1582 282 in
1603 247 1738 294 aliqua

109 291 373 331 intellectuali
399 291 638 336 substantia,
656 291 727 328 sed
756 296 1067 339 consequentem
1101 293 1426 330 commixtionem
1449 292 1737 332 elementorum

110 342 154 377 in
177 348 341 385 corpore
362 338 551 375 humano.
577 338 870 376 Determinatus
899 339 1004 376 enim
1035 339 1243 377 mixtionis
1264 340 1428 377 humani
1450 340 1631 385 corporis
1651 349 1737 377 mo-

111 388 191 424 dus
211 386 308 423 facit
329 385 533 422 hominem
554 394 644 422 esse
665 385 707 422 in
725 386 905 432 potentia
924 386 974 424 ad
993 386 1264 433 recipiendum
1285 386 1535 423 influentiam
1556 386 1738 425 intellec-

109 438 178 470 tus
209 432 379 479 agentis,
401 431 469 478 qui
491 440 648 478 semper
668 436 729 470 est
753 433 795 469 111
828 436 934 477 30111,
956 436 1006 477 01,
1027 433 1248 471 secundum
1282 434 1427 480 ipsum,
1463 436 1524 471 est
1552 433 1737 480 quaedam

109 479 342 517 substantia
357 482 561 525 separata3
583 489 632 516 ex
651 489 729 525 qua
748 479 955 516 influentia
975 480 1095 518 homo
1111 481 1162 518 sit
1180 480 1408 527 intelligens
1423 484 1527 517 actu.
1548 480 1590 517 ld
1605 484 1739 519 autem

107 527 150 564 in
172 527 338 575 homine
357 535 427 572 per
447 526 553 573 quod
571 529 631 563 est
652 527 828 572 potentia
848 527 1090 578 intelligens,
1112 531 1174 565 est
1192 528 1418 565 intellectus
1437 527 1646 573 possibilis
1665 539 1674 571 ;
1698 530 1738 564 et

109 574 169 657 lsic
191 573 403 657 videbatulr]
421 573 536 656 sequi
554 572 661 620 quod
681 582 730 610 ex
749 573 1032 610 commixtione
1050 574 1312 612 determinata
1342 575 1385 612 in
1410 575 1528 612 nobis
1557 574 1600 611 fit
1626 575 1740 612 intel-

126 622 243 657 ectus
264 620 375 666 possi
407 618 417 656 i
438 620 486 657 is.

157 667 329 704 Videtur
362 669 494 704 autem
526 666 655 712 primo
685 671 848 712 aspectu
877 667 963 704 haec
994 667 1141 713 positio
1175 667 1307 706 verbis
1337 672 1375 705 et
1406 668 1738 706 demonstrationi

109 714 343 751 Aristotelis
373 723 463 751 esse
490 714 702 752 contraria.
725 714 906 751 Ostendit
940 716 1046 751 enim
1065 715 1297 752 Aristoteles
1320 715 1385 762 (De
1403 718 1539 755 anima,
1561 724 1621 762 111,
1642 719 1737 753 text.

111 769 259 798 comm.
283 761 334 807 4),
352 765 394 798 ut
415 761 561 799 dictum
584 765 657 806 est,
675 761 781 808 quod
800 761 1025 798 intellectus
1045 762 1252 808 possibilis
1269 765 1328 799 est
1347 763 1551 798 immixtus
1566 762 1736 808 corpori.

110 808 196 845 Hoc
219 811 351 844 autem
385 812 445 846 est
464 808 716 852 impossibile
736 808 813 845 dici
839 808 886 845 de
907 809 1041 855 aliqua
1055 809 1198 845 virtute
1215 812 1485 855 consequente
1505 809 1739 846 mixtionem

112 855 403 892 elementorum
421 867 430 899 ;
452 855 559 902 quod
578 855 684 893 enim
704 855 935 901 hujusmodi
958 860 1031 900 est,
1051 859 1204 902 oportet
1226 855 1332 902 quod
1351 856 1390 892 in
1413 856 1501 901 ipsa
1520 856 1738 893 elemento-

110 911 203 939 rum
219 902 503 939 commixtione
521 902 731 947 fundetur;
753 903 857 939 sicut
875 903 1057 940 videmus
1078 903 1124 940 de
1146 912 1287 949 sapore
1308 906 1344 940 et
1359 902 1481 940 odore
1502 906 1540 939 et
1560 903 1650 939 aliis
1671 902 1740 941 hu·

107 948 304 995 jusmodi.
329 951 415 986 Non
436 949 557 997 igitur
577 949 724 995 positio
745 949 932 995 praedicta
949 950 1160 988 Alexandri
1178 954 1310 996 potest
1329 953 1434 987 stare
1451 958 1542 987 cum
1555 949 1686 987 verbis
1701 952 1740 987 et

112 995 460 1034 demonstratione
483 997 722 1041 Aristotelis,
744 1000 787 1033 ut
806 997 972 1034 videtur.

160 1044 214 1080 Ad
249 1043 333 1080 haec
353 1047 484 1080 autem
503 1044 723 1080 Alexander
740 1044 835 1080 dicit
858 1044 964 1090 quod
987 1044 1213 1082 intellectus
1232 1044 1440 1090 possibilis
1461 1047 1521 1081 est
1538 1044 1625 1090 ipsa
1645 1053 1741 1090 prae·

111 1090 275 1135 paratio
296 1091 337 1126 in
357 1095 499 1127 natura
513 1091 687 1127 humana
703 1090 750 1127 ad
768 1090 1040 1137 recipiendum
1055 1091 1302 1129 influentiam
1318 1091 1544 1128 intellectus
1559 1091 1737 1138 agentis;

111 1137 357 1183 praeparatio
391 1142 523 1174 autem
544 1138 631 1184 ipsa
652 1147 732 1174 non
754 1141 814 1174 est
840 1138 975 1184 aliqua
993 1142 1135 1175 natura
1153 1138 1359 1176 sensibilis
1379 1138 1653 1180 determinata,
1675 1146 1740 1175 ne-

112 1193 190 1232 que
220 1185 281 1220 est
299 1185 421 1221 mixta
440 1185 596 1231 corpori
617 1196 625 1228 ;
645 1188 706 1221 est
725 1185 830 1220 enim
851 1185 990 1222 relatio
1023 1185 1204 1232 quaedam
1231 1189 1269 1222 et
1288 1185 1386 1222 ordo
1406 1184 1527 1223 unius
1545 1184 1595 1223 ad
1615 1184 1739 1223 aliud,

164 1230 241 1267 Sed
266 1232 341 1268 1100
361 1232 571 1269 manifeste
593 1231 794 1268 discordat
817 1231 864 1268 ab
884 1232 1104 1269 intentione
1123 1232 1361 1270 Aristotelis.

163 1276 310 1315 Probat
330 1279 436 1315 enim
463 1279 695 1315 Aristoteles
716 1281 780 1324 (De
799 1281 935 1323 anima,
964 1288 1021 1324 111,
1042 1283 1134 1316 text.
1157 1288 1301 1317 comm.
1325 1279 1360 1325 4)
1383 1288 1431 1316 ex
1449 1279 1539 1323 hoc,
1560 1278 1738 1318 intellec·

112 1327 201 1361 tum
224 1325 462 1369 possibilem
485 1335 565 1363 non
584 1326 728 1363 habere
747 1325 1004 1362 determinate
1024 1326 1199 1373 aliquam
1219 1330 1400 1363 naturam
1417 1326 1684 1371 sensibilium,
1701 1330 1741 1364 et

111 1380 184 1417 per
205 1380 458 1419 consequens
484 1382 566 1409 11011
596 1382 686 1410 0550
721 1372 885 1409 mixtum
922 1373 1094 1419 corpori,
1114 1374 1208 1420 quia
1239 1376 1301 1410 est
1316 1373 1538 1418 receptivus
1559 1374 1738 1411 omnium

113 1419 333 1455 formarum
373 1419 626 1456 sensibilium
658 1423 696 1455 et
728 1419 1028 1465 cognoscitivus
1047 1429 1184 1457 earum
1201 1432 1210 1465 3
1237 1420 1345 1466 quod
1377 1419 1425 1456 de
1452 1421 1741 1465 praeparatione

114 1474 196 1501 non
218 1468 349 1510 potest
382 1466 567 1513 intelligi,
590 1466 685 1513 quia
715 1466 800 1511 ejus
831 1475 913 1503 non
947 1471 1008 1504 est
1036 1467 1225 1513 recipere,
1248 1466 1319 1504 sed
1353 1466 1483 1512 magis
1512 1467 1738 1513 praeparari.

114 1514 199 1549 Non
222 1512 344 1565 igitur
363 1513 653 1550 demonstratio
673 1513 898 1551 Aristotelis
920 1513 1100 1560 procedit
1117 1514 1163 1552 de
1183 1513 1485 1561 praeparatione,
1509 1514 1580 1551 sed
1601 1514 1648 1552 de
1668 1514 1739 1552 ali·

113 1568 194 1607 quo
217 1565 433 1604 reeipiente
454 1564 688 1607 praeparato.

161 1607 347 1652 Αηῑρῑιάε,
371 1607 405 1644 51
427 1617 473 1644 03
508 1617 595 1654 quae
617 1608 713 1644 dicit
731 1608 964 1645 Aristoteles
993 1607 1040 1645 de
1066 1608 1269 1645 intellectu
1289 1608 1474 1654 possibili
1497 1609 1743 1646 conveniunt

116 1653 153 1690 ei
173 1654 215 1689 in
238 1658 431 1700 quantum
461 1658 521 1692 est
541 1655 789 1701 praeparatio,
816 1659 852 1692 et
874 1664 955 1692 11011
984 1665 1031 1692 ex
1063 1660 1205 1693 natura
1238 1655 1404 1702 subjecti
1424 1656 1648 1701 praeparati,
1672 1665 1740 1693 se-

115 1705 259 1747 quetur
280 1701 386 1746 quod
405 1703 515 1739 omni
539 1702 816 1748 praeparationi
837 1703 1088 1739 conveniant.
1113 1705 1156 1739 ln
1177 1711 1300 1740 sensu
1321 1706 1452 1739 autem
1473 1707 1531 1739 est
1550 1712 1743 1749 praepara-

116 1748 172 1784 tio
194 1748 377 1793 quaedam
397 1749 445 1785 ad
467 1749 676 1786 sensibilia
696 1749 738 1785 in
761 1753 850 1786 actu
869 1750 1109 1795 recipienda.
1133 1751 1234 1796 Ergo
1255 1749 1360 1786 idem
1381 1749 1593 1787 dicendum
1613 1754 1673 1787 est
1692 1749 1742 1788 de

115 1803 241 1831 sensu
269 1798 305 1830 et
326 1795 530 1833 intellectu
551 1796 759 1842 possibili;
782 1796 896 1842 quus
917 1796 1160 1833 contrarium
1182 1796 1392 1833 manifeste
1410 1797 1616 1843 subJungit
1633 1797 1741 1834 Aris-

114 1841 258 1878 toteles
279 1840 386 1887 (text.
407 1844 612 1889 comm-4),
629 1842 845 1880 ostendens
860 1841 1123 1879 differentiam
1139 1844 1242 1879 inter
1261 1843 1526 1888 receptionem
1544 1852 1689 1880 sensus
1703 1846 1743 1880 et

114 1887 358 1933 intellectus,
383 1899 428 1926 ex
450 1890 525 1927 hoc
546 1890 652 1936 quod
672 1898 818 1926 sensus
846 1890 1113 1936 corrumpitur
1138 1899 1186 1926 ex
1219 1889 1453 1926 excellentia
1478 1890 1739 1936 obJectorum,

116 1943 200 1973 non
222 1938 353 1971 autem
371 1935 611 1974 intellectus.

165 1983 266 2026 Item,
288 1982 522 2021 Aristoteles
544 1983 919 2029 attribuitpossibili
940 1983 1159 2021 intellectui
1177 1984 1257 2030 pati
1273 1983 1321 2020 ab
1337 1983 1593 2031 intelligibili,
1613 1984 1741 2022 susci—

115 2038 212 2076 pere
232 2029 388 2080 species
409 2030 696 2077 intelligibiles,
721 2039 811 2067 esse
838 2031 877 2066 in
899 2031 1074 2075 potentia
1095 2031 1143 2068 ad
1164 2039 1255 2075 eas;
1285 2036 1488 2077 comparat
1509 2032 1627 2067 etiam
1650 2040 1742 2068 eum

115 2075 263 2113 tabulae
284 2084 326 2112 111
346 2086 426 2124 qua
447 2078 547 2114 nihil
570 2081 629 2114 est
647 2077 852 2123 scriptum.
874 2078 967 2121 Quae
988 2077 1147 2124 quidem
1166 2077 1301 2115 omnia
1314 2087 1397 2115 non
1413 2082 1582 2124 possunt
1597 2078 1673 2114 dici
1695 2078 1742 2115 de

116 2122 418 2170 praeparatione,
443 2124 514 2161 sed
535 2125 581 2161 de
603 2124 781 2170 subjecto
802 2128 1033 2170 praeparato.
1064 2127 1130 2162 Est
1159 2125 1280 2171 igitur
1308 2128 1447 2162 contra
1479 2125 1742 2162 intentionem

116 2170 343 2209 Aristo-telis
363 2172 472 2217 quod
493 2171 720 2208 intellectus
740 2171 948 2217 possibilis
967 2171 1020 2209 sit
1038 2172 1271 2218 praeparatio
1288 2173 1387 2218 ipsa.

165 2217 310 2257 Adhuc,
333 2226 459 2265 agens
479 2222 539 2255 est
559 2218 736 2255 nobilius
757 2219 928 2264 patiente
949 2222 987 2255 01
1002 2219 1153 2256 faciens
1174 2219 1292 2264 facto,
1307 2219 1410 2256 sicut
1427 2222 1539 2257 actus
1551 2220 1740 2265 potentia.

118 2264 276 2309 Quanto
297 2269 429 2302 autem
452 2265 602 2313 aliquid
624 2269 685 2302 est
700 2265 1017 2310 immaterialius,
1038 2270 1148 2303 131110
1183 2270 1244 2303 051
1271 2266 1461 2304 nobilius.
1493 2267 1580 2303 Non
1612 2269 1744 2313 potest

115 2311 242 2358 igitur
262 2309 430 2350 effectus
460 2321 550 2350 esse
569 2312 869 2350 immaterialior
889 2322 964 2350 sua
982 2322 1117 2351 causa.
1140 2312 1278 2350 Omnis
1293 2317 1423 2350 autem
1442 2313 1568 2351 virtus
1593 2322 1742 2361 cogno-

117 2358 274 2402 scitiva‚
297 2359 337 2394 in
361 2365 554 2406 quantum
574 2359 818 2407 hujusmodi,
840 2363 900 2397 est
921 2360 1215 2405 immaterialis3
1251 2360 1356 2397 unde
1377 2364 1415 2397 et
1436 2360 1483 2397 de
1514 2369 1652 2405 sensu,
1674 2360 1741 2407 qui

117 2409 180 2443 est
209 2405 373 2443 infimus
410 2407 454 2444 in
485 2407 624 2444 ordine
649 2407 839 2444 virtulum
868 2408 1246 2454 cognoscitivarum,
1277 2407 1372 2444 dicit
1410 2407 1644 2445 Aristoteles
1679 2409 1744 2454 (De

115 2454 256 2504 anima,
278 2462 321 2498 11,
341 2457 438 2490 text.
461 2463 605 2491 comm.
631 2454 708 2501 121)
734 2453 840 2501 quod
861 2458 921 2491 est
946 2455 1196 2501 susceptivus
1232 2454 1486 2492 sensibilium
1519 2455 1740 2506 specierum

116 2507 207 2536 sine
228 2500 406 2538 materia.
429 2501 683 2547 Impossibile
710 2504 771 2539 est
789 2501 910 2548 igitur
930 2510 952 2538 a
978 2502 1261 2539 commixtione
1282 2502 1570 2539 elementorum
1585 2509 1740 2538 causari

119 2545 295 2597 aliquam
314 2547 500 2585 virtutem
523 2548 851 2596 cognoscitivam.
868 2548 1093 2587 Intellectus
1108 2552 1239 2586 autem
1254 2548 1462 2596 possibilis
1477 2551 1538 2585 est
1556 2555 1742 2593 suprema

117 2597 245 2629 virtus
266 2596 542 2641 cognoscitiva
559 2596 599 2632 in
619 2595 757 2640 nobis;
781 2595 877 2633 dicit
894 2595 999 2633 enim
1028 2596 1261 2634 Aristoteles
1294 2595 1360 2642 (De
1393 2597 1529 2646 animet,
1552 2602 1611 2645 111,
1645 2597 1738 2645 text.

119 2647 264 2675 comm.
288 2642 322 2686 5)
344 2641 450 2688 quod
470 2642 696 2680 intellectus
720 2642 928 2689 possibilis
939 2647 1001 2681 est
1017 2653 1096 2691 quo
1111 2643 1320 2690 cognoscit
1333 2645 1372 2679 et
1390 2641 1577 2686 intelligit
1592 2649 1738 2678 anima.

117 2685 350 2725 Intellectus
370 2688 493 2734 igitur
512 2689 719 2736 possibilis
741 2698 822 2727 11011
842 2694 1030 2728 causatur
1048 2700 1096 2728 ex
1123 2689 1406 2728 commixtione
1437 2688 1738 2726 elementorum.

167 2732 349 2778 Amplius,
367 2736 401 2770 si
415 2736 655 2782 principium
670 2737 839 2784 alicujus
854 2738 1098 2783 operationis
1113 2737 1161 2775 ab
1180 2735 1380 2784 aliquibus
1394 2734 1528 2772 causis
1547 2734 1739 2780 procedit,

119 2782 277 2832 oporte-t
298 2782 569 2825 operationem
585 2784 695 2820 illam
711 2793 792 2821 non
809 2784 997 2822 excedere
1013 2793 1156 2823 causas
1170 2784 1274 2824 illas,
1290 2790 1412 2830 quum
1426 2790 1549 2819 causa
1564 2782 1742 2833 secunda

119 2829 213 2873 agat
231 2829 373 2864 virtute
391 2828 544 2873 primae.
570 2829 753 2876 Operatio
772 2835 904 2869 autem
919 2832 1062 2869 animae
1083 2830 1280 2868 nutritivae
1299 2829 1418 2866 etiam
1445 2828 1599 2866 excedit
1620 2829 1741 2867 virtu·

118 2875 199 2914 tem
218 2873 453 2922 qualitatum
471 2875 790 2923 elementarium
813 2879 954 2924 probat
972 2878 1078 2918 enim
1097 2875 1329 2917 Aristoteles
1346 2875 1411 2924 (De
1424 2877 1562 2922 anima,
1584 2885 1628 2923 11,
1643 2879 1738 2917 text.
