1894 3223
682 161 768 196 LIB.
798 161 825 204 1,
854 161 954 197 CM).
985 161 1098 197 LXlx.
1652 166 1699 200 75

79 253 310 293 possumus,
332 247 371 281 et
391 244 494 280 Deus
529 242 748 280 secundum
777 252 892 279 suuni
925 243 1159 289 intelligere,
1188 243 1343 280 infinita
1375 253 1513 290 capere
1548 248 1692 290 potest.

125 292 310 338 Amplius,
341 290 567 328 intellectus
601 298 851 335 cognoscens
887 291 1102 326 maximum
1144 290 1408 336 intelligibile,
1443 299 1522 328 non
1561 292 1695 330 minus

80 339 289 387 cognoscit
310 338 478 381 minora,
494 337 563 375 sed
580 337 722 384 magis,
744 341 784 373 ut
805 341 908 382 patet
923 347 989 383 per
1009 338 1294 383 Philosophum
1317 338 1355 374 in
1378 337 1491 374 tertio
1506 340 1556 374 De
1572 339 1697 378 αηίηια

79 386 188 433 (text.
204 394 348 423 comm.
368 384 419 430 7).
440 383 552 428 Quod
584 394 630 420 ex
669 385 742 420 hoc
764 386 956 430 provenit,
980 384 1071 430 quia
1111 385 1335 422 intellectus
1365 393 1443 422 non
1476 385 1696 433 corrumpi·

79 437 143 472 tur
160 443 206 470 ex
241 431 446 470 excellenti
487 430 741 478 intelligibili,
764 431 865 468 sicut
905 441 1064 476 seusus,
1093 432 1160 468 sed
1185 432 1313 479 magis
1333 431 1546 478 perficitur.
1563 432 1636 470 Sed
1658 431 1696 473 si

79 480 328 527 accipiantur
348 478 503 516 infinita
523 478 643 522 entia,
665 478 747 515 sive
777 478 858 515 sint
886 478 1062 525 ejusdem
1081 479 1240 525 speciei,
1263 482 1305 515 ut
1326 478 1470 516 infiniti
1494 479 1696 526 homines,

79 527 162 566 sive
195 525 439 564 infinitarum
471 525 708 571 specierum,
741 525 896 562 etiarnsi
930 526 1075 572 aliqua,
1108 526 1169 563 vel
1205 526 1340 563 omnia
1371 531 1506 564 essent
1541 526 1699 568 infinita

79 574 300 613 secundum
348 572 594 616 uantitatem,
617 573 650 609 si
692 574 766 609 hoc
797 576 902 610 esset
935 573 1143 618 possibile,
1166 574 1396 610 universum
1429 582 1566 611 corum
1587 576 1697 613 esset

78 621 249 659 minoris
287 621 326 658 in
362 619 496 657 nitatis
534 629 649 667 quam
674 621 790 662 Deus,
810 629 899 656 nam
934 620 1138 667 quodlibet
1159 629 1309 660 eorum,
1332 624 1367 658 et
1395 621 1530 658 omnia
1560 622 1696 668 simul,

78 668 268 706 haberent
287 676 376 706 esse
397 669 595 713 receptum
617 670 655 704 et
687 667 896 704 limitatum
919 667 966 704 ad
982 667 1171 714 ‚aliquam
1193 667 1379 712 speeiem,
1405 669 1466 704 vel
1495 678 1637 715 genus,
1660 672 1698 707 et

79 715 139 754 sic
153 715 371 753 secundum
393 714 541 761 aliquid
579 718 684 751 esset
706 714 875 759 finitum,
899 715 1001 751 unde
1023 713 1203 750 deficeret
1225 714 1272 750 ab
1305 713 1496 751 infinitate
1526 717 1606 755 Dei,
1630 716 1696 763 qui

79 766 140 800 est
159 762 340 799 infinitus
355 762 602 808 simpliciter,
626 765 666 798 ut
688 771 805 807 supra
835 762 934 808 (cap.
952 762 1011 807 43)
1029 765 1235 798 ostensum
1251 764 1322 797 est.
1339 759 1432 797 cu'm
1452 762 1572 807 igitur
1593 765 1697 801 Deus

80 809 250 856 perfecte
271 809 448 855 seipsum
467 813 697 856 cognoscat,
720 808 819 845 nihil
842 808 1022 854 prohibet
1044 817 1132 844 eum
1155 807 1271 844 etiam
1307 817 1503 845 summam
1526 809 1700 847 infinito-

80 866 168 894 rum
189 865 446 894 corrnoscere.
936 891 938 893 ,

127 886 273 948 ΑάΙηιῖ,
295 906 443 950 quanto
464 902 611 949 aliquis
642 902 866 938 intellectus
888 905 947 938 est
967 900 1166 938 efficacior
1197 906 1235 938 et
1270 902 1441 939 lucidior
1461 903 1501 939 in
1525 913 1696 949 cognos-

80 951 221 995 cendo,
241 954 350 987 tanto
371 960 419 987 ex
438 957 518 987 uno
539 953 668 995 potest
689 949 801 994 plura
822 957 1064 993 cognoscere
1084 960 1092 984 ε
1110 948 1213 985 sicut
1245 949 1376 987 omnis
1397 949 1521 987 virtus
1549 954 1697 997 quanto

79 1001 141 1036 est
157 997 308 1037 fortior,
331 1000 440 1034 tanto
479 999 540 1032 cst
561 995 688 1041 magis
727 995 850 1032 unita.
872 995 1097 1033 intellectus
1118 999 1248 1032 autem
1275 997 1433 1034 divinus
1474 998 1695 1034 secundum

81 1043 297 1083 efficaciam
322 1044 404 1080 sive
437 1043 721 1089 perfectionem
758 1045 818 1079 est
851 1041 1046 1086 infinitus,
1075 1046 1116 1079 nt
1143 1052 1188 1079 ex
1211 1044 1484 1088 superioribus
1507 1044 1605 1090 (cap.
1634 1045 1692 1091 713)

79 1094 198 1138 patet.
220 1093 353 1128 Potest
373 1099 415 1127 er
445 1099 467 1126 o
486 1098 704 1136 perunum,
727 1089 830 1136 quod
845 1093 904 1125 cst
919 1099 989 1126 sua
1004 1090 1191 1134 essentia,
1214 1090 1368 1127 infinita
1389 1100 1644 1137 cognoscere.

124 1139 315 1182 Praeterea,
337 1137 416 1174 inte
437 1137 561 1174 lectus
583 1136 740 1173 divinus
756 1140 815 1173 est
838 1137 1031 1181 perfectus
1053 1137 1299 1183 simpliciter,
1322 1139 1426 1174 sicut
1457 1139 1574 1174 ctiam
1610 1139 1694 1183 ejus

80 1185 269 1223 essentia.
292 1185 409 1222 Nulla
429 1184 549 1230 igitur
569 1183 756 1230 perfectio
776 1183 1040 1231 intelligibilis
1073 1185 1107 1221 ei
1130 1185 1252 1229 deest,
1276 1185 1343 1221 sed
1381 1185 1420 1221 id
1441 1185 1489 1222 ad
1510 1186 1614 1231 quod
1637 1189 1696 1222 est

78 1232 121 1269 in
140 1232 316 1279 potentia
349 1231 573 1268 intellectus
595 1234 742 1275 noster,
766 1234 826 1268 est
846 1231 932 1277 ejus
964 1231 1152 1277 perfectio
1173 1231 1450 1279 intelligibilis.
1477 1234 1543 1269 Est
1563 1236 1694 1269 autem

79 1279 317 1326 inpotentia
350 1278 398 1315 ad
431 1287 571 1315 omnes
610 1278 762 1324 species
798 1278 1083 1325 intelligibiles.
1107 1279 1265 1324 Species
1299 1282 1430 1316 autem
1468 1279 1698 1326 hujusmodi

80 1330 177 1364 sunt
195 1325 373 1363 infinitae.
392 1327 487 1362 Nam
509 1325 626 1362 etiam
659 1334 915 1362 numerorum
935 1327 1089 1371 species
1110 1326 1273 1363 infinitae
1296 1329 1445 1363 suntet
1465 1326 1694 1373 figurarum.

82 1373 333 1420 Relinquitur
354 1373 474 1420 igitur
493 1373 597 1420 quod
621 1374 725 1410 Deus
743 1373 879 1410 omnia
899 1373 1128 1419 hujusmodi
1149 1372 1304 1410 infinita
1324 1377 1554 1420 cognoscat.

127 1421 229 1462 Item,
252 1429 342 1458 cum
364 1420 591 1457 intellectus
608 1423 745 1457 noster
762 1420 814 1457 sit
839 1421 1136 1467 cognoscitivus
1160 1419 1407 1458 infinitorum
1442 1421 1483 1457 in
1508 1421 1696 1467 potentia,

79 1467 227 1552 ngteSt
243 1468 349 1504 enim
368 1467 410 1504 in
426 1466 624 1504 infinitum
648 1467 802 1513 species
825 1476 1080 1504 numerorum
1105 1468 1399 1515 multiplicare),
1415 1468 1449 1505 si
1470 1468 1696 1505 intellectus

107 1514 239 1552 ivinus
254 1523 335 1552 non
356 1518 615 1562 cognosceret
636 1513 791 1550 infinita
809 1514 924 1551 etiam
948 1517 1052 1559 actu,
1073 1517 1304 1562 sequeretur
1327 1514 1431 1561 quod
1448 1515 1506 1551 vel
1524 1514 1697 1560 plurium

80 1564 185 1599 esset
206 1561 504 1608 cognoscitivus
525 1561 749 1598 intellectus
770 1561 969 1598 humanus
992 1571 1108 1608 quam
1131 1562 1303 1606 divinus,
1318 1562 1378 1598 vel
1399 1562 1505 1608 quod
1525 1562 1698 1599 intellec-

79 1611 146 1646 tus
175 1607 333 1645 divinus
354 1616 434 1645 non
470 1611 731 1654 cognosceret
760 1608 895 1644 omnia
915 1612 1001 1644 actu
1035 1617 1205 1656 quorum
1227 1612 1287 1646 est
1326 1609 1623 1655 cognoscitivus
1656 1609 1698 1646 in

79 1654 270 1739 pgtentia,
289 1663 458 1702 quorum
479 1658 688 1702 utrumque
721 1658 781 1692 est
797 1654 1059 1701 impossibile,
1083 1659 1124 1692 ut
1142 1665 1186 1692 ex
1206 1656 1444 1701 supradictis
1473 1656 1571 1702 (cap.
1594 1659 1637 1692 55
1660 1660 1699 1693 et

81 1705 101 1740 5
191 1705 282 1739 atet.
679 1713 690 1722 ·

126 1702 270 1790 31311110,
292 1747 492 1785 infinitum
525 1748 744 1795 cognitioni
768 1752 961 1796 repugnat
993 1749 1033 1785 in
1052 1753 1242 1796 quantum
1282 1754 1476 1797 repugnat
1514 1759 1696 1788 numera-

79 1795 193 1834 tioni.
214 1797 312 1833 Nam
333 1799 463 1841 partes
483 1794 626 1832 infiniti
651 1801 858 1832 numerare
879 1805 946 1841 per
967 1804 1009 1832 se
1043 1796 1291 1842 impossibile
1312 1802 1384 1842 est,
1407 1797 1518 1844 quasi
1542 1801 1695 1835 contra-

80 1843 293 1880 dictionem
323 1842 548 1888 implicans.
571 1843 818 1889 Cognoscere
839 1847 968 1879 autem
986 1843 1135 1890 aliquid
1154 1854 1221 1890 per
1255 1844 1570 1881 numerationem
1601 1853 1692 1882 sua-

78 1899 167 1928 rum
185 1889 356 1937 partium
376 1893 438 1927 est
456 1889 682 1927 intellectus
704 1891 930 1927 successive
947 1891 1229 1938 cognoscentis
1252 1896 1402 1937 partem
1418 1896 1508 1936 post
1527 1895 1692 1937 partem,

78 1945 160 1974 non
198 1939 330 1974 autem
368 1936 594 1975 intellectus
630 1937 750 1974 simul
787 1937 964 1974 diversas
994 1942 1125 1984 partes
1168 1939 1555 1984 comprehendentis.
1597 1940 1692 1975 Cum

77 1983 201 2032 igitur
215 1983 374 2022 divinus
394 1983 620 2022 intellectus
632 1984 782 2031 absque
803 1985 1060 2022 successione
1081 1989 1300 2033 cognoscat
1313 1987 1448 2024 omnia
1463 1985 1595 2027 simul,
1611 1995 1691 2023 non

77 2031 208 2079 magis
230 2030 442 2077 impeditur
461 2040 704 2079 cognoscere
725 2030 880 2068 infinita
901 2042 1018 2079 quam
1037 2031 1160 2069 finita.

123 2079 308 2123 Amplius,
329 2079 460 2115 omnis
481 2079 682 2125 quantitas
705 2079 745 2115 in
765 2078 933 2125 quadam
949 2079 1278 2125 multiplicatione
1296 2080 1465 2127 partium
1495 2080 1694 2124 consistit,

78 2127 117 2163 et
143 2129 301 2172 propter
321 2125 396 2162 hoc
416 2134 605 2163 numerus
639 2129 700 2163 est
719 2126 846 2171 prima
867 2127 1143 2172 quantitatum.
1164 2127 1235 2164 Ubi
1257 2137 1351 2174 ergo
1380 2127 1586 2173 pluralitas
1611 2127 1697 2164 nul-

79 2171 159 2210 lam
182 2171 446 2209 differentiam
467 2176 663 2219 operatur,
684 2172 738 2210 ibi
760 2182 832 2210 nec
851 2173 1000 2220 aliquid
1022 2174 1124 2220 quod
1151 2175 1410 2220 quantitatem
1434 2174 1694 2221 consequitur

77 2219 253 2266 aliquam
285 2218 549 2256 differentiam
584 2219 689 2257 facit.
712 2222 754 2256 In
787 2221 1016 2267 cognitione
1045 2225 1177 2257 autem
1215 2222 1281 2258 Dei
1313 2222 1428 2268 plura
1463 2222 1538 2258 hoc
1576 2221 1695 2258 modo

77 2270 376 2313 cognoscuntur
396 2269 439 2303 ut
469 2276 607 2311 unum,
627 2276 718 2304 cum
755 2276 837 2304 non
875 2277 944 2313 per
975 2268 1154 2305 diversas
1186 2268 1355 2315 species,
1373 2268 1443 2306 sed
1463 2278 1532 2315 per
1570 2277 1693 2305 unam

77 2313 265 2359 speciem,
280 2323 369 2361 quae
389 2319 449 2351 est
472 2314 541 2351 Dei
561 2314 748 2355 essentia,
769 2318 1063 2361 cognoscantur
1087 2327 1095 2350 :
1118 2315 1222 2352 unde
1243 2319 1280 2352 et
1314 2315 1434 2353 simul
1455 2315 1580 2352 multa
1599 2324 1693 2361 cog-

77 2363 300 2397 noscuntur
318 2370 342 2397 a
360 2362 456 2406 Deo,
471 2363 510 2398 et
540 2361 596 2398 ita
615 2361 656 2398 in
676 2362 742 2398 Dei
775 2362 1004 2409 cognitione
1029 2362 1181 2400 nullam
1201 2361 1462 2399 differentiam
1482 2362 1690 2408 pluralitas

77 2405 184 2444 facit.
216 2407 317 2453 Ergo
350 2416 423 2444 nec
459 2407 674 2453 infinitum,
709 2408 815 2455 quod
853 2410 1112 2456 quantitatem
1143 2409 1413 2455 consequitur.
1449 2409 1554 2445 Nihil
1594 2417 1690 2455 ergo

19 2458 22 2464 ·
77 2451 209 2490 differt
227 2453 276 2490 ad
295 2453 538 2491 intellectum
574 2455 752 2492 divinum
786 2454 1032 2493 infinitorum
1053 2459 1091 2492 et
1122 2455 1325 2493 finitorum
1345 2456 1535 2502 cognitio,
1559 2456 1687 2496 etsie,

77 2509 168 2538 cum
189 2502 406 2552 cognoscat
424 2499 548 2540 finita,
573 2501 672 2538 nihil
694 2502 876 2547 prohibet
896 2512 984 2539 eum
1001 2511 1244 2549 cognoscere
1262 2503 1380 2539 etiam
1400 2502 1569 2540 infinita.

114 2548 223 2630 ι111116
241 2550 372 2584 autem
392 2552 588 2584 consonat
604 2549 711 2595 quod
730 2549 772 2585 in
791 2551 854 2586 Ps.
870 2557 998 2594 CXLVI,
1012 2552 1046 2593 5,
1069 2549 1213 2586 dicitur
1234 2561 1243 2586 :
1261 2552 1308 2586 Et
1326 2551 1514 2596 sapientiae
1533 2549 1610 2596 ejus
1623 2559 1696 2586 non

75 2603 112 2630 es
146 2604 328 2630 numerus.

123 2641 234 2678 Patet
250 2643 379 2689 autem
402 2651 448 2678 ex
469 2641 667 2687 praedictis
687 2651 806 2689 quare
827 2641 1052 2679 intellectus
1072 2646 1208 2680 noster
1223 2642 1422 2682 infinitum
1443 2654 1524 2682 non
1545 2653 1696 2691 cogno-

77 2687 154 2724 scit
172 2687 278 2726 sicut
292 2688 518 2725 intellectus
538 2688 710 2726 divinus.
732 2687 870 2725 Differt
897 2689 1001 2725 enim
1023 2689 1248 2728 intellectus
1264 2695 1401 2729 noster
1419 2692 1468 2729 ab
1489 2692 1694 2729 intellectu

77 2733 211 2772 divino
231 2738 422 2782 quantum
442 2735 491 2773 ad
511 2740 694 2782 quatuor,
716 2745 802 2782 quae
823 2736 925 2772 hanc
946 2735 1210 2775 differentiam
1239 2737 1403 2776 faciunt.
1426 2739 1600 2776 Primum
1631 2742 1693 2776 est

77 2781 184 2827 quod
202 2781 428 2820 intellectus
448 2787 587 2820 noster
608 2782 842 2828 simpliciter
866 2781 1004 2821 finitus
1037 2787 1110 2829 est,
1144 2785 1303 2823 divinus
1333 2789 1465 2823 autem
1496 2786 1691 2840 infinitus.

79 2828 304 2866 Secundum
325 2833 386 2867 est
403 2830 510 2877 quod
531 2839 621 2867 cum
642 2830 868 2867 intellectus
900 2833 1036 2868 noster
1055 2830 1211 2870 diversa
1229 2842 1299 2879 per
1329 2833 1507 2871 diversas
1540 2841 1693 2880 species

79 2883 140 2920 co,
158 2880 310 2920 noscat,
331 2885 414 2914 non
433 2881 564 2924 potest
578 2878 618 2914 in
640 2876 797 2915 infinita
817 2877 1038 2915 secundum
1062 2888 1186 2917 unam
1206 2879 1493 2926 cognitionem,
1514 2881 1619 2918 sicut
1638 2880 1695 2916 in-

77 2921 130 2959 tel
149 2924 259 2961 ectus
278 2923 451 2962 divinus.
467 2924 639 2963 Tertium
663 2929 724 2963 est
743 2933 792 2963 ex
816 2924 892 2964 hoc
911 2925 1164 2974 proveniens,
1181 2927 1288 2975 quod
1303 2926 1530 2966 intellectus
1542 2929 1692 2971 noster,
