1894 3223
232 148 300 182 we
853 139 940 176 LIB.
968 138 1015 182 11,
1042 137 1143 174 CAP.
1172 136 1247 174 LII.

919 283 1086 325 CAPUT
1113 282 1178 324 LI.

552 399 651 434 QUOD
677 397 931 428 INTELLEGTUS
957 396 1036 427 NON
1061 396 1120 426 SIT
1143 396 1274 426 FORMA
1298 394 1545 425 MATERIALIS.

283 507 355 542 Per
388 504 524 541 eadem
558 506 686 539 autem
727 500 950 538 ostenditur
985 499 1090 546 quod
1114 502 1264 536 naturae
1294 498 1581 535 intellectuales
1603 500 1695 534 sunt
1716 496 1852 534 formae

236 552 517 594 subsistentes,
539 559 620 586 nou
642 551 773 585 autem
794 547 1010 584 existentes
1031 547 1070 582 in
1095 546 1273 590 materia,
1296 546 1411 592 quasi
1433 554 1522 582 esse
1543 552 1677 581 earum
1699 548 1855 580 amate-

235 600 295 637 ria
324 597 552 644 dependeat.
586 598 735 633 Formae
767 594 872 631 enim
893 593 1112 631 secuudum
1135 601 1224 629 esse
1246 602 1269 629 a
1289 592 1454 629 materia
1480 591 1746 637 dependentes
1772 599 1855 627 non

236 647 334 693 ipsae
360 644 516 692 proprie
547 643 694 681 habeut
726 650 829 685 esse,
862 640 930 677 sed
951 639 1170 685 composita
1190 648 1260 684 per
1280 640 1401 684 ipsas.
1424 639 1463 676 Si
1480 639 1602 686 igitur
1624 641 1774 675 naturae
1794 637 1854 673 in-

235 692 483 731 tellectuales
522 693 658 728 essent
686 687 915 735 hujusmodi
949 687 1099 726 formae,
1134 691 1366 732 sequeretur
1398 686 1504 732 quod
1540 685 1729 722 haberent
1763 692 1854 721 esse

237 739 455 783 materiale,
478 738 583 776 sicut
602 740 640 774 et
658 736 693 774 si
712 739 845 774 essent
866 744 914 772 ex
931 734 1096 771 materia
1116 737 1153 770 et
1179 734 1304 769 forma
1323 733 1569 778 compositae.

286 787 429 827 Adhuc,
453 786 590 822 formae
611 792 698 831 quae
719 792 788 829 per
819 791 862 820 se
891 790 970 819 non
1000 780 1239 824 subsistunt,
1262 788 1344 817 non
1364 783 1533 825 possunt
1554 787 1622 824 per
1639 786 1683 815 se
1703 786 1820 824 agere
1842 789 1850 814 :

239 837 363 881 agunt
396 837 527 870 autem
560 831 783 877 composita
812 838 881 875 per
913 837 995 865 eas.
1030 828 1069 864 Si
1089 827 1209 873 igitur
1230 829 1380 864 naturae
1400 825 1689 863 intellectuales
1714 824 1850 870 liujus-

239 881 347 918 modi
366 880 502 917 formae
518 882 664 922 essent,
683 880 914 923 sequeretur
928 875 1033 922 quod
1046 875 1143 921 ipsae
1158 882 1238 911 non
1252 873 1532 920 intelligerent,
1548 872 1618 910 sed
1634 872 1856 917 composita

241 939 287 965 ex
307 927 366 965 eis
387 931 424 964 et
443 926 606 963 materia
626 937 634 970 ;
654 928 691 961 et
710 925 769 961 sic
785 923 1009 960 intellectus
1025 925 1131 959 esset
1148 921 1395 967 compositus
1411 930 1458 957 ex
1472 919 1636 957 materia
1651 922 1688 956 et
1706 919 1855 962 sorma;

239 975 345 1022 quod
367 978 427 1011 est
444 972 705 1019 impossibile,
733 975 773 1008 ut
792 974 998 1007 ostensum
1023 972 1083 1006 est
1104 968 1153 1014 (c.
1176 969 1249 1015 50).

287 1022 469 1067 Amplius,
492 1021 526 1057 si
545 1019 771 1056 intellectus
793 1021 899 1055 esset
918 1018 1044 1054 forma
1064 1016 1102 1052 in
1125 1014 1290 1052 materia
1308 1018 1346 1052 et
1365 1023 1446 1052 non
1468 1023 1535 1061 per
1554 1022 1597 1051 se
1612 1012 1852 1056 subsistens,

242 1071 474 1115 sequeretur
504 1067 610 1114 quod
642 1066 680 1102 id
714 1065 819 1112 quod
846 1064 1035 1110 recipitur
1060 1063 1101 1099 in
1122 1062 1338 1106 intellectu,
1360 1062 1600 1107 reciperetur
1618 1061 1659 1097 iu
1677 1060 1854 1096 materia.

242 1115 476 1162 Hujiismodi
497 1115 602 1150 enim
625 1113 760 1150 formae
781 1121 867 1158 quae
889 1111 1033 1148 habent
1053 1119 1142 1147 esse
1161 1110 1200 1145 in
1220 1109 1385 1145 materia
1404 1108 1637 1154 obligatum,
1661 1116 1741 1144 non
1756 1106 1854 1143 reci-

241 1163 356 1209 piunt
385 1161 532 1208 aliquid
567 1160 673 1207 quod
703 1160 743 1196 in
777 1158 941 1195 materia
976 1165 1056 1194 non
1077 1156 1302 1201 recipiatur.
1326 1156 1419 1192 Cum
1439 1155 1560 1202 igitur
1579 1154 1752 1200 receptio
1775 1154 1852 1190 sor-

242 1219 396 1247 marum
417 1209 456 1245 in
473 1208 673 1245 intellectu
693 1215 773 1243 non
797 1207 847 1242 sit
870 1205 1040 1250 receptio
1054 1204 1268 1240 formarum
1284 1203 1324 1239 in
1340 1203 1517 1245 materia,
1533 1201 1782 1248 impossibile
1795 1203 1854 1237 est

242 1257 349 1303 quod
370 1256 594 1292 intellectus
616 1254 667 1291 sit
688 1254 813 1290 forma
836 1252 1066 1288 materialis.

290 1305 479 1343 Praeterea,
502 1302 631 1338 dicere
653 1300 758 1347 quod
778 1300 1002 1336 intellectus
1023 1299 1075 1335 sit
1094 1297 1221 1334 forma
1239 1305 1320 1334 non
1341 1295 1582 1339 subsistens,
1599 1293 1667 1332 sed
1682 1293 1856 1331 materiae

242 1351 445 1394 immersa,
475 1349 579 1385 idern
606 1351 679 1392 est,
710 1346 929 1384 secundum
959 1354 1054 1388 rem,
1087 1354 1132 1381 ac
1159 1344 1194 1381 si
1223 1343 1389 1387 dicatur,
1424 1342 1531 1389 quod
1562 1341 1788 1379 intellectus
1809 1340 1861 1377 sit

243 1397 492 1443 compositus
513 1405 560 1432 ex
588 1394 752 1432 materia
773 1397 810 1430 et
832 1394 983 1437 sorma;
1004 1391 1134 1429 dissert
1153 1394 1284 1428 autem
1305 1390 1435 1427 solum
1457 1388 1676 1427 secundum
1699 1396 1858 1425 nomen.

244 1446 342 1481 Nam
370 1444 499 1490 primo
530 1442 648 1479 modo
681 1441 875 1478 diceretur
896 1439 1121 1476 intellectus
1148 1438 1275 1475 forma
1295 1437 1383 1483 ipsa
1402 1436 1614 1482 compositi
1639 1447 1649 1473 ε
1682 1435 1859 1473 secundo

242 1500 337 1528 vero
366 1490 486 1528 modo
519 1489 715 1527 diceretur
741 1487 968 1524 intellectus
996 1486 1126 1532 ipsum
1161 1484 1453 1531 compositum3
1487 1484 1521 1521 si
1555 1483 1677 1530 igitur
1717 1482 1860 1519 falsum

244 1542 304 1576 est
324 1538 567 1575 intellectum
587 1545 676 1573 esse
695 1534 960 1581 compositum
982 1543 1029 1570 ex
1049 1533 1213 1570 materia
1230 1536 1269 1569 et
1301 1531 1441 1576 forma,
1476 1530 1622 1569 falsum
1654 1528 1728 1569 erit
1754 1529 1860 1578 quod

241 1585 298 1623 sit
318 1586 445 1623 forma
467 1593 548 1622 non
568 1582 810 1627 subsistens,
824 1581 892 1619 sed
913 1580 1144 1618 materialis.

908 1727 1075 1770 CAPUT
1115 1726 1200 1768 LII.

247 1852 348 1887 QUOD
369 1851 410 1880 IN
430 1849 678 1880 SUBSTANTIIS
704 1847 1073 1882 INTELLECTUALIBUS
1099 1845 1260 1875 CREATIS
1284 1845 1450 1875 DIFFERT
1473 1846 1566 1875 ESSE
1582 1847 1633 1876 ΕΤ
1657 1846 1760 1882 QUOD
1779 1845 1862 1877 EST.

293 1964 379 2000 Non
408 1965 469 1998 est
501 1959 744 2006 opinandum
764 1958 883 2005 quod,
906 1956 1086 2005 quamvis
1108 1955 1341 1994 substantiae
1360 1954 1652 1993 intellectuales
1679 1963 1761 1993 non
1780 1955 1863 1993 sint

248 2017 462 2056 corporeae,
485 2017 557 2044 uec
579 2017 625 2044 ex
639 2006 804 2044 materia
821 2009 858 2043 et
878 2005 1005 2042 forma
1024 2003 1269 2049 compositae,
1291 2011 1364 2039 nec
1383 2002 1424 2038 in
1445 2002 1611 2039 materia
1631 2002 1862 2048 existentes,

249 2057 354 2094 sicut
371 2056 507 2092 formae
530 2053 825 2103 immateriales,
845 2052 950 2099 quod
970 2054 1128 2098 propter
1148 2051 1223 2087 hoc
1238 2050 1380 2087 divinae
1396 2049 1639 2095 simplicitati
1657 2049 1864 2097 adaequen-

249 2107 326 2141 tur.
347 2102 550 2140 Invenitur
568 2101 674 2138 enim
694 2101 736 2137 in
756 2100 814 2137 eis
835 2099 968 2145 aliqua
987 2098 1240 2144 compositio,
1259 2106 1307 2133 ex
1327 2105 1374 2133 eo
1395 2096 1502 2143 quod
1521 2104 1602 2133 non
1623 2099 1683 2134 est
1700 2096 1804 2134 idem
1822 2097 1864 2134 in

249 2151 308 2188 eis
337 2158 426 2188 esse
459 2152 496 2185 et
527 2147 631 2195 quod
663 2151 736 2185 est.
769 2147 809 2184 Si
841 2147 947 2183 enim
977 2154 1066 2183 esse
1086 2148 1147 2183 est
1175 2144 1416 2188 subsisteDS,
1438 2143 1538 2180 nihil
1557 2147 1699 2190 praeter
1730 2143 1864 2190 ipsum

250 2207 340 2236 esse
371 2197 407 2234 ei
440 2195 681 2243 adjungitur,
713 2194 807 2242 quia
836 2194 954 2230 etiam
986 2192 1028 2229 in
1048 2192 1111 2230 his
1137 2200 1307 2239 quorum
1328 2199 1418 2228 esse
1438 2199 1520 2227 non
1540 2194 1601 2228 est
1621 2189 1862 2234 subsistens,

251 2244 358 2293 quod
387 2244 493 2280 inest
518 2241 702 2279 existenti
724 2243 865 2288 praeter
885 2249 975 2278 esse
994 2239 1095 2286 ejus,
1117 2242 1178 2277 est
1197 2238 1358 2287 quidem
1379 2237 1564 2275 existenti
1588 2238 1758 2283 unitum,
1783 2246 1864 2275 non

252 2295 384 2329 autem
404 2293 466 2328 est
483 2298 607 2327 uuum
627 2297 718 2326 eum
743 2297 832 2326 esse
853 2287 953 2333 eJ‘us,
975 2287 1054 2324 nisi
1074 2296 1144 2333 per
1163 2285 1364 2331 accidens,
1384 2284 1425 2322 in
1448 2287 1640 2332 quantum
1661 2288 1722 2323 est
1741 2293 1866 2322 unum

253 2338 475 2385 subjectum
508 2336 662 2375 habens
690 2344 795 2381 esse,
821 2337 860 2372 et
876 2334 915 2372 id
935 2333 1041 2381 quod
1056 2336 1117 2371 est
1134 2336 1274 2380 praeter
1293 2341 1409 2378 esse3
1430 2332 1536 2370 sicut
1552 2335 1659 2379 patet
1675 2332 1782 2379 quod
1800 2333 1867 2369 So·

253 2385 366 2429 crati,
385 2386 526 2432 praeter
545 2392 663 2422 suum
683 2391 773 2420 esse
793 2381 1068 2425 substantiale,
1084 2380 1188 2418 inest
1203 2380 1350 2421 album,
1367 2378 1474 2427 quod
1484 2378 1644 2427 quidem
1665 2378 1865 2417 diversum

254 2436 315 2470 est
334 2432 382 2470 ab
404 2432 491 2479 ejus
511 2440 600 2469 esse
624 2429 906 2474 substantiali,
934 2437 1016 2466 uon
1035 2428 1142 2465 enim
1161 2427 1268 2465 idem
1288 2430 1348 2464 est
1370 2435 1460 2465 esse
1480 2426 1681 2464 Socratem
1711 2429 1751 2463 et
1775 2433 1864 2462 esse

255 2480 403 2524 album,
425 2478 505 2516 nisi
534 2487 603 2525 per
622 2477 822 2515 accidens.
849 2475 889 2514 Si
909 2474 1032 2528 igitur
1066 2483 1148 2512 non
1185 2474 1238 2512 sit
1269 2483 1360 2512 esse
1391 2473 1434 2510 in
1463 2473 1598 2520 aliqua
1628 2472 1865 2516 substantia,

256 2535 339 2564 non
359 2525 579 2563 remanebit
599 2525 744 2578 aliquis
764 2523 908 2561 modus
926 2531 967 2560 in
984 2531 1063 2570 quo
1080 2522 1210 2569 possit
1228 2521 1264 2559 ei
1284 2519 1390 2559 uniri
1410 2520 1510 2558 illud
1528 2519 1634 2566 quod
1655 2522 1714 2557 est
1728 2523 1869 2564 praeter

255 2582 359 2610 esse.
381 2575 477 2610 Esse
498 2576 643 2617 autem,
665 2580 708 2609 in
727 2574 919 2619 quantum
938 2573 999 2608 est
1015 2578 1118 2613 esse,
1141 2577 1223 2606 non
1244 2571 1477 2615 potestesse
1490 2566 1717 2610 diversum3
1738 2569 1870 2611 potest

251 2622 388 2672 ⁴autem
403 2618 660 2657 diversificari
679 2627 749 2665 per
767 2617 917 2665 aliquid
930 2616 1036 2665 quod
1051 2619 1111 2654 est
1131 2619 1270 2662 praeter
1289 2624 1393 2659 esse,
1414 2614 1518 2651 sicut
1535 2621 1625 2650 esse
1643 2612 1786 2658 lapidis
1809 2616 1870 2650 est

257 2665 368 2718 allud
393 2666 441 2703 ab
474 2675 564 2704 esse
592 2665 783 2704 hominis.
803 2664 903 2702 Illud
922 2664 1045 2712 igitur
1064 2662 1170 2710 quod
1190 2666 1251 2701 est
1265 2661 1506 2705 subsistens,
1524 2667 1606 2696 non
1626 2663 1756 2705 potest
1777 2668 1867 2698 esse

258 2721 338 2751 nisi
367 2720 490 2750 unum
523 2716 692 2750 tantum.
714 2712 927 2750 ostensum
944 2714 1005 2748 est
1024 2714 1155 2748 autem
1174 2709 1217 2757 (l.
1246 2718 1275 2754 1,
1295 2718 1330 2746 c.
1349 2710 1397 2746 22
1414 2711 1454 2744 et
1470 2705 1530 2753 42)
1558 2705 1664 2753 quod
1683 2707 1788 2744 Deus
1808 2710 1869 2744 est

253 2767 377 2798 ⁴suum
409 2767 498 2797 esse
520 2759 758 2797 subsistens.
781 2758 887 2796 Nihil
904 2758 1026 2805 igitur
1045 2756 1152 2794 aliud
1171 2759 1311 2802 praeter
1326 2754 1459 2801 ipsum
1480 2755 1611 2800 potest
1629 2761 1720 2791 esse
1746 2762 1865 2791 suum

259 2815 363 2860 esse,
385 2806 544 2852 Oportet
563 2805 696 2852 igitur,
717 2805 759 2842 in
777 2805 886 2843 omni
907 2804 1131 2842 substantia
1147 2811 1235 2850 quae
1254 2804 1315 2839 est
1333 2803 1474 2848 praeter
1492 2800 1638 2848 ipsum,
1655 2809 1744 2839 esse
1758 2800 1866 2839 aliud

256 2861 388 2901 lpSam
408 2852 672 2890 substantiam
688 2855 727 2890 et
744 2851 849 2889 aliud
871 2851 958 2898 ejus
977 2859 1080 2889 esse.

305 2900 490 2948 Amplius,
519 2902 661 2938 natura
689 2899 929 2944 eommunis,
961 2898 996 2935 si
1025 2898 1206 2944 separata
1236 2894 1494 2942 intelligatur,
1515 2902 1597 2932 non
1613 2897 1744 2942 potest
1778 2902 1868 2934 esse
