<?xml version="1.0" encoding="UTF-8"?>
<!DOCTYPE html PUBLIC "-//W3C//DTD XHTML 1.0 Transitional//EN"
    "http://www.w3.org/TR/xhtml1/DTD/xhtml1-transitional.dtd">
<html xmlns="http://www.w3.org/1999/xhtml" xml:lang="en" lang="en">
 <head>
  <title>
</title>
<meta http-equiv="Content-Type" content="text/html;charset=utf-8" />
  <meta name='ocr-system' content='tesseract 3.04.00' />
  <meta name='ocr-capabilities' content='ocr_page ocr_carea ocr_par ocr_line ocrx_word'/>
</head>
<body>
  <div class='ocr_page' id='page_1' title='image "./deveritatecathol00thomuoft_0276.png"; bbox 0 0 1894 3223; ppageno 0'>
   <div class='ocr_carea' id='block_1_1' title="bbox 168 130 1240 174">
    <p class='ocr_par' dir='ltr' id='par_1_1' title="bbox 168 130 1240 174">
     <span class='ocr_line' id='line_1_1' title="bbox 168 130 1240 174; baseline -0.007 -2"><span class='ocrx_word' id='word_1_1' title='bbox 168 138 239 173; x_wconf 80' lang='lat'>236</span> <span class='ocrx_word' id='word_1_2' title='bbox 749 131 836 166; x_wconf 84' lang='lat' dir='ltr'><strong>LIB.</strong></span> <span class='ocrx_word' id='word_1_3' title='bbox 864 131 911 174; x_wconf 91' lang='lat'>11,</span> <span class='ocrx_word' id='word_1_4' title='bbox 940 130 1041 166; x_wconf 90' lang='lat' dir='ltr'>CAP.</span> <span class='ocrx_word' id='word_1_5' title='bbox 1069 130 1240 166; x_wconf 87' lang='lat' dir='ltr'><strong>LXXXIX.</strong></span> 
     </span>
    </p>
   </div>
   <div class='ocr_carea' id='block_1_2' title="bbox 169 210 1796 1666">
    <p class='ocr_par' dir='ltr' id='par_1_2' title="bbox 170 210 1790 485">
     <span class='ocr_line' id='line_1_2' title="bbox 172 210 1789 264; baseline -0.003 -11"><span class='ocrx_word' id='word_1_6' title='bbox 172 216 276 264; x_wconf 89' lang='lat' dir='ltr'>quod</span> <span class='ocrx_word' id='word_1_7' title='bbox 298 214 482 261; x_wconf 85' lang='lat' dir='ltr'>figuratio</span> <span class='ocrx_word' id='word_1_8' title='bbox 500 216 538 249; x_wconf 89' lang='lat' dir='ltr'>et</span> <span class='ocrx_word' id='word_1_9' title='bbox 556 211 759 263; x_wconf 85' lang='lat' dir='ltr'>quantitas</span> <span class='ocrx_word' id='word_1_10' title='bbox 780 210 1046 263; x_wconf 75' lang='lat' dir='ltr'>membrorum</span> <span class='ocrx_word' id='word_1_11' title='bbox 1065 211 1256 257; x_wconf 82' lang='lat' dir='ltr'>procedit,</span> <span class='ocrx_word' id='word_1_12' title='bbox 1278 214 1315 248; x_wconf 89' lang='lat' dir='ltr'>et</span> <span class='ocrx_word' id='word_1_13' title='bbox 1336 211 1478 248; x_wconf 87' lang='lat' dir='ltr'>animae</span> <span class='ocrx_word' id='word_1_14' title='bbox 1500 211 1618 248; x_wconf 87' lang='lat' dir='ltr'>etiam</span> <span class='ocrx_word' id='word_1_15' title='bbox 1649 221 1789 258; x_wconf 89' lang='lat' dir='ltr'>opera-</span> 
     </span>
     <span class='ocr_line' id='line_1_3' title="bbox 170 258 1788 306; baseline -0.002 -7"><span class='ocrx_word' id='word_1_16' title='bbox 170 265 301 300; x_wconf 90' lang='lat' dir='ltr'>tiones</span> <span class='ocrx_word' id='word_1_17' title='bbox 334 261 462 306; x_wconf 86' lang='lat' dir='ltr'>magis</span> <span class='ocrx_word' id='word_1_18' title='bbox 494 269 540 296; x_wconf 86' lang='lat' dir='ltr'>ac</span> <span class='ocrx_word' id='word_1_19' title='bbox 560 268 689 304; x_wconf 83' lang='lat' dir='ltr'>magis</span> <span class='ocrx_word' id='word_1_20' title='bbox 721 258 1049 303; x_wconf 79' lang='lat' dir='ltr'>manifestantur3</span> <span class='ocrx_word' id='word_1_21' title='bbox 1071 267 1163 295; x_wconf 87' lang='lat' dir='ltr'>nam</span> <span class='ocrx_word' id='word_1_22' title='bbox 1194 259 1306 304; x_wconf 89' lang='lat' dir='ltr'>prius</span> <span class='ocrx_word' id='word_1_23' title='bbox 1324 263 1486 305; x_wconf 87' lang='lat' dir='ltr'>apparet</span> <span class='ocrx_word' id='word_1_24' title='bbox 1506 259 1682 303; x_wconf 85' lang='lat' dir='ltr'>operatio</span> <span class='ocrx_word' id='word_1_25' title='bbox 1703 259 1788 296; x_wconf 92' lang='lat' dir='ltr'>ani-</span> 
     </span>
     <span class='ocr_line' id='line_1_4' title="bbox 172 305 1788 351; baseline -0.003 -5"><span class='ocrx_word' id='word_1_26' title='bbox 172 319 246 346; x_wconf 77' lang='lat' dir='ltr'>mae</span> <span class='ocrx_word' id='word_1_27' title='bbox 269 308 484 350; x_wconf 84' lang='lat' dir='ltr'>sensitivae‚</span> <span class='ocrx_word' id='word_1_28' title='bbox 504 309 542 342; x_wconf 90' lang='lat' dir='ltr'>et</span> <span class='ocrx_word' id='word_1_29' title='bbox 555 306 729 349; x_wconf 88' lang='lat' dir='ltr'>tandem,</span> <span class='ocrx_word' id='word_1_30' title='bbox 745 313 910 351; x_wconf 86' lang='lat' dir='ltr'>corpore</span> <span class='ocrx_word' id='word_1_31' title='bbox 930 305 1141 351; x_wconf 88' lang='lat' dir='ltr'>completo,</span> <span class='ocrx_word' id='word_1_32' title='bbox 1162 306 1339 351; x_wconf 87' lang='lat' dir='ltr'>operatio</span> <span class='ocrx_word' id='word_1_33' title='bbox 1361 306 1503 342; x_wconf 90' lang='lat' dir='ltr'>animae</span> <span class='ocrx_word' id='word_1_34' title='bbox 1523 305 1788 343; x_wconf 87' lang='lat' dir='ltr'>intellectivae.</span> 
     </span>
     <span class='ocr_line' id='line_1_5' title="bbox 171 352 1790 401; baseline -0.002 -9"><span class='ocrx_word' id='word_1_35' title='bbox 171 359 273 401; x_wconf 84' lang='lat' dir='ltr'>Ergo</span> <span class='ocrx_word' id='word_1_36' title='bbox 307 354 411 391; x_wconf 92' lang='lat' dir='ltr'>idem</span> <span class='ocrx_word' id='word_1_37' title='bbox 441 356 503 390; x_wconf 90' lang='lat' dir='ltr'>est</span> <span class='ocrx_word' id='word_1_38' title='bbox 529 352 770 398; x_wconf 88' lang='lat' dir='ltr'>principium</span> <span class='ocrx_word' id='word_1_39' title='bbox 805 352 949 389; x_wconf 86' lang='lat' dir='ltr'>animae</span> <span class='ocrx_word' id='word_1_40' title='bbox 983 356 1021 389; x_wconf 91' lang='lat' dir='ltr'>et</span> <span class='ocrx_word' id='word_1_41' title='bbox 1049 353 1243 398; x_wconf 88' lang='lat' dir='ltr'>corporis.</span> <span class='ocrx_word' id='word_1_42' title='bbox 1264 352 1339 390; x_wconf 92' lang='lat' dir='ltr'>Sed</span> <span class='ocrx_word' id='word_1_43' title='bbox 1360 352 1599 398; x_wconf 88' lang='lat' dir='ltr'>principium</span> <span class='ocrx_word' id='word_1_44' title='bbox 1620 353 1790 400; x_wconf 84' lang='lat' dir='ltr'>originis</span> 
     </span>
     <span class='ocr_line' id='line_1_6' title="bbox 171 398 1790 447; baseline -0.002 -8"><span class='ocrx_word' id='word_1_45' title='bbox 171 401 351 447; x_wconf 87' lang='lat' dir='ltr'>corporis</span> <span class='ocrx_word' id='word_1_46' title='bbox 383 403 444 437; x_wconf 88' lang='lat' dir='ltr'>est</span> <span class='ocrx_word' id='word_1_47' title='bbox 478 408 548 445; x_wconf 89' lang='lat' dir='ltr'>per</span> <span class='ocrx_word' id='word_1_48' title='bbox 572 398 816 436; x_wconf 83' lang='lat' dir='ltr'>decisionem</span> <span class='ocrx_word' id='word_1_49' title='bbox 845 398 1026 436; x_wconf 88' lang='lat' dir='ltr'>seminis.</span> <span class='ocrx_word' id='word_1_50' title='bbox 1056 400 1156 446; x_wconf 85' lang='lat' dir='ltr'>Ergo</span> <span class='ocrx_word' id='word_1_51' title='bbox 1185 402 1247 437; x_wconf 90' lang='lat' dir='ltr'>est</span> <span class='ocrx_word' id='word_1_52' title='bbox 1277 403 1317 436; x_wconf 87' lang='lat' dir='ltr'>et</span> <span class='ocrx_word' id='word_1_53' title='bbox 1347 399 1586 445; x_wconf 88' lang='lat' dir='ltr'>principium</span> <span class='ocrx_word' id='word_1_54' title='bbox 1620 400 1790 446; x_wconf 89' lang='lat' dir='ltr'>originis</span> 
     </span>
     <span class='ocr_line' id='line_1_7' title="bbox 170 457 326 485; baseline 0 -1"><span class='ocrx_word' id='word_1_55' title='bbox 170 457 326 485; x_wconf 74' lang='lat' dir='ltr'>animae.</span> 
     </span>
    </p>

    <p class='ocr_par' dir='ltr' id='par_1_3' title="bbox 169 492 1794 962">
     <span class='ocr_line' id='line_1_8' title="bbox 216 492 1791 541; baseline -0.001 -10"><span class='ocrx_word' id='word_1_56' title='bbox 216 496 363 536; x_wconf 66' lang='lat' dir='ltr'>Adhuc,</span> <span class='ocrx_word' id='word_1_57' title='bbox 386 494 493 541; x_wconf 87' lang='lat' dir='ltr'>quod</span> <span class='ocrx_word' id='word_1_58' title='bbox 512 492 785 539; x_wconf 83' lang='lat' dir='ltr'>configuratur</span> <span class='ocrx_word' id='word_1_59' title='bbox 802 492 937 537; x_wconf 88' lang='lat' dir='ltr'>alicui,</span> <span class='ocrx_word' id='word_1_60' title='bbox 955 493 1212 530; x_wconf 80' lang='lat' dir='ltr'>constituitur</span> <span class='ocrx_word' id='word_1_61' title='bbox 1232 502 1279 529; x_wconf 83' lang='lat' dir='ltr'>ex</span> <span class='ocrx_word' id='word_1_62' title='bbox 1297 493 1453 530; x_wconf 89' lang='lat' dir='ltr'>ratione</span> <span class='ocrx_word' id='word_1_63' title='bbox 1474 492 1561 540; x_wconf 88' lang='lat' dir='ltr'>ejus</span> <span class='ocrx_word' id='word_1_64' title='bbox 1580 493 1645 530; x_wconf 89' lang='lat' dir='ltr'>cui</span> <span class='ocrx_word' id='word_1_65' title='bbox 1666 492 1791 530; x_wconf 89' lang='lat' dir='ltr'>confi-</span> 
     </span>
     <span class='ocr_line' id='line_1_9' title="bbox 170 539 1791 589; baseline -0.001 -11"><span class='ocrx_word' id='word_1_66' title='bbox 170 545 359 589; x_wconf 83' lang='lat' dir='ltr'>guratur3</span> <span class='ocrx_word' id='word_1_67' title='bbox 380 542 486 579; x_wconf 89' lang='lat' dir='ltr'>sicut</span> <span class='ocrx_word' id='word_1_68' title='bbox 518 549 621 584; x_wconf 84' lang='lat' dir='ltr'>cera,</span> <span class='ocrx_word' id='word_1_69' title='bbox 644 549 732 587; x_wconf 89' lang='lat' dir='ltr'>quae</span> <span class='ocrx_word' id='word_1_70' title='bbox 753 539 1024 587; x_wconf 81' lang='lat' dir='ltr'>configuratur</span> <span class='ocrx_word' id='word_1_71' title='bbox 1044 540 1192 586; x_wconf 84' lang='lat' dir='ltr'>sigillo,</span> <span class='ocrx_word' id='word_1_72' title='bbox 1215 539 1357 586; x_wconf 89' lang='lat' dir='ltr'>accipit</span> <span class='ocrx_word' id='word_1_73' title='bbox 1375 541 1478 577; x_wconf 90' lang='lat' dir='ltr'>hanc</span> <span class='ocrx_word' id='word_1_74' title='bbox 1505 539 1791 587; x_wconf 84' lang='lat' dir='ltr'>configuratio-</span> 
     </span>
     <span class='ocr_line' id='line_1_10' title="bbox 171 586 1794 635; baseline -0.001 -10"><span class='ocrx_word' id='word_1_75' title='bbox 171 598 261 625; x_wconf 88' lang='lat' dir='ltr'>nem</span> <span class='ocrx_word' id='word_1_76' title='bbox 283 598 331 625; x_wconf 86' lang='lat' dir='ltr'>ex</span> <span class='ocrx_word' id='word_1_77' title='bbox 348 588 614 635; x_wconf 83' lang='lat' dir='ltr'>impressione</span> <span class='ocrx_word' id='word_1_78' title='bbox 649 587 788 635; x_wconf 85' lang='lat' dir='ltr'>sigilli.</span> <span class='ocrx_word' id='word_1_79' title='bbox 824 588 985 624; x_wconf 78' lang='lat' dir='ltr'>Constat</span> <span class='ocrx_word' id='word_1_80' title='bbox 1006 590 1134 624; x_wconf 89' lang='lat' dir='ltr'>autem</span> <span class='ocrx_word' id='word_1_81' title='bbox 1158 596 1303 633; x_wconf 89' lang='lat' dir='ltr'>corpus</span> <span class='ocrx_word' id='word_1_82' title='bbox 1325 587 1503 625; x_wconf 90' lang='lat' dir='ltr'>hominis</span> <span class='ocrx_word' id='word_1_83' title='bbox 1521 590 1559 625; x_wconf 91' lang='lat' dir='ltr'>et</span> <span class='ocrx_word' id='word_1_84' title='bbox 1579 586 1794 634; x_wconf 85' lang='lat' dir='ltr'>cujuslibet</span> 
     </span>
     <span class='ocr_line' id='line_1_11' title="bbox 171 633 1791 681; baseline -0.001 -10"><span class='ocrx_word' id='word_1_85' title='bbox 171 635 358 673; x_wconf 87' lang='lat' dir='ltr'>animalis</span> <span class='ocrx_word' id='word_1_86' title='bbox 390 645 479 673; x_wconf 89' lang='lat' dir='ltr'>esse</span> <span class='ocrx_word' id='word_1_87' title='bbox 508 635 677 681; x_wconf 85' lang='lat' dir='ltr'>propriae</span> <span class='ocrx_word' id='word_1_88' title='bbox 710 634 852 671; x_wconf 83' lang='lat' dir='ltr'>animae</span> <span class='ocrx_word' id='word_1_89' title='bbox 885 633 1175 680; x_wconf 86' lang='lat' dir='ltr'>configuratum</span> <span class='ocrx_word' id='word_1_90' title='bbox 1194 645 1203 678; x_wconf 83' lang='lat'><em>3</em></span> <span class='ocrx_word' id='word_1_91' title='bbox 1223 633 1314 671; x_wconf 89' lang='lat' dir='ltr'>talis</span> <span class='ocrx_word' id='word_1_92' title='bbox 1340 638 1401 671; x_wconf 90' lang='lat' dir='ltr'>est</span> <span class='ocrx_word' id='word_1_93' title='bbox 1421 634 1527 671; x_wconf 90' lang='lat' dir='ltr'>enim</span> <span class='ocrx_word' id='word_1_94' title='bbox 1547 643 1791 681; x_wconf 82' lang='lat' dir='ltr'>organorum</span> 
     </span>
     <span class='ocr_line' id='line_1_12' title="bbox 171 680 1790 730; baseline -0.001 -11"><span class='ocrx_word' id='word_1_95' title='bbox 171 683 383 728; x_wconf 86' lang='lat' dir='ltr'>dispositio</span> <span class='ocrx_word' id='word_1_96' title='bbox 415 683 546 730; x_wconf 90' lang='lat' dir='ltr'>qualis</span> <span class='ocrx_word' id='word_1_97' title='bbox 576 682 764 727; x_wconf 88' lang='lat' dir='ltr'>competit</span> <span class='ocrx_word' id='word_1_98' title='bbox 795 682 841 717; x_wconf 90' lang='lat' dir='ltr'>ad</span> <span class='ocrx_word' id='word_1_99' title='bbox 877 681 1131 727; x_wconf 75' lang='lat' dir='ltr'>operationes</span> <span class='ocrx_word' id='word_1_100' title='bbox 1163 680 1306 718; x_wconf 68' lang='lat' dir='ltr'>animae</span> <span class='ocrx_word' id='word_1_101' title='bbox 1337 690 1407 726; x_wconf 91' lang='lat' dir='ltr'>per</span> <span class='ocrx_word' id='word_1_102' title='bbox 1434 690 1503 718; x_wconf 89' lang='lat' dir='ltr'>eas</span> <span class='ocrx_word' id='word_1_103' title='bbox 1534 681 1790 718; x_wconf 83' lang='lat' dir='ltr'>exercendas.</span> 
     </span>
     <span class='ocr_line' id='line_1_13' title="bbox 172 727 1794 777; baseline -0.002 -10"><span class='ocrx_word' id='word_1_104' title='bbox 172 731 323 776; x_wconf 92' lang='lat' dir='ltr'>Corpus</span> <span class='ocrx_word' id='word_1_105' title='bbox 357 729 479 777; x_wconf 85' lang='lat' dir='ltr'>igilur</span> <span class='ocrx_word' id='word_1_106' title='bbox 511 729 704 766; x_wconf 85' lang='lat' dir='ltr'>formatur</span> <span class='ocrx_word' id='word_1_107' title='bbox 737 737 785 765; x_wconf 86' lang='lat' dir='ltr'>ex</span> <span class='ocrx_word' id='word_1_108' title='bbox 805 728 961 764; x_wconf 86' lang='lat' dir='ltr'>actione</span> <span class='ocrx_word' id='word_1_109' title='bbox 982 727 1150 771; x_wconf 83' lang='lat' dir='ltr'>animae3</span> <span class='ocrx_word' id='word_1_110' title='bbox 1183 727 1285 764; x_wconf 90' lang='lat' dir='ltr'>unde</span> <span class='ocrx_word' id='word_1_111' title='bbox 1304 728 1421 765; x_wconf 92' lang='lat' dir='ltr'>etiam</span> <span class='ocrx_word' id='word_1_112' title='bbox 1441 728 1676 765; x_wconf 84' lang='lat' dir='ltr'>Aristoteles</span> <span class='ocrx_word' id='word_1_113' title='bbox 1697 728 1794 765; x_wconf 88' lang='lat' dir='ltr'>dicit</span> 
     </span>
     <span class='ocr_line' id='line_1_14' title="bbox 172 773 1792 826; baseline 0.001 -14"><span class='ocrx_word' id='word_1_114' title='bbox 172 777 236 822; x_wconf 81' lang='lat' dir='ltr'>(De</span> <span class='ocrx_word' id='word_1_115' title='bbox 268 777 406 818; x_wconf 79' lang='lat' dir='ltr'>anima,</span> <span class='ocrx_word' id='word_1_116' title='bbox 441 786 485 822; x_wconf 93' lang='lat'>11,</span> <span class='ocrx_word' id='word_1_117' title='bbox 517 779 612 813; x_wconf 83' lang='lat' dir='ltr'>text.</span> <span class='ocrx_word' id='word_1_118' title='bbox 644 784 788 813; x_wconf 91' lang='lat' dir='ltr'>comm.</span> <span class='ocrx_word' id='word_1_119' title='bbox 811 775 869 819; x_wconf 88' lang='grc'>36)</span> <span class='ocrx_word' id='word_1_120' title='bbox 890 775 997 822; x_wconf 84' lang='lat' dir='ltr'>quod</span> <span class='ocrx_word' id='word_1_121' title='bbox 1018 775 1152 811; x_wconf 87' lang='lat' dir='ltr'>anima</span> <span class='ocrx_word' id='word_1_122' title='bbox 1171 778 1232 826; x_wconf 81' lang='lat' dir='ltr'>est</span> <span class='ocrx_word' id='word_1_123' title='bbox 1252 773 1431 811; x_wconf 84' lang='lat' dir='ltr'>efficiens</span> <span class='ocrx_word' id='word_1_124' title='bbox 1455 783 1578 812; x_wconf 90' lang='lat' dir='ltr'>causa</span> <span class='ocrx_word' id='word_1_125' title='bbox 1597 775 1792 820; x_wconf 87' lang='lat' dir='ltr'>corporis.</span> 
     </span>
     <span class='ocr_line' id='line_1_15' title="bbox 170 821 1794 868; baseline -0.002 -8"><span class='ocrx_word' id='word_1_126' title='bbox 170 825 252 860; x_wconf 91' lang='lat' dir='ltr'>Hoc</span> <span class='ocrx_word' id='word_1_127' title='bbox 279 827 410 860; x_wconf 88' lang='lat' dir='ltr'>autem</span> <span class='ocrx_word' id='word_1_128' title='bbox 431 831 513 860; x_wconf 89' lang='lat' dir='ltr'>non</span> <span class='ocrx_word' id='word_1_129' title='bbox 540 826 661 867; x_wconf 88' lang='lat' dir='ltr'>esset,</span> <span class='ocrx_word' id='word_1_130' title='bbox 692 822 771 859; x_wconf 89' lang='lat' dir='ltr'>nisi</span> <span class='ocrx_word' id='word_1_131' title='bbox 792 822 926 859; x_wconf 91' lang='lat' dir='ltr'>anima</span> <span class='ocrx_word' id='word_1_132' title='bbox 947 825 1053 859; x_wconf 90' lang='lat' dir='ltr'>esset</span> <span class='ocrx_word' id='word_1_133' title='bbox 1072 821 1113 857; x_wconf 90' lang='lat' dir='ltr'>in</span> <span class='ocrx_word' id='word_1_134' title='bbox 1134 829 1312 865; x_wconf 81' lang='lat' dir='ltr'>semine3</span> <span class='ocrx_word' id='word_1_135' title='bbox 1335 830 1427 858; x_wconf 90' lang='lat' dir='ltr'>nam</span> <span class='ocrx_word' id='word_1_136' title='bbox 1447 830 1594 867; x_wconf 89' lang='lat' dir='ltr'>corpus</span> <span class='ocrx_word' id='word_1_137' title='bbox 1615 831 1687 868; x_wconf 91' lang='lat' dir='ltr'>per</span> <span class='ocrx_word' id='word_1_138' title='bbox 1715 821 1794 858; x_wconf 76' lang='lat' dir='ltr'>vir-</span> 
     </span>
     <span class='ocr_line' id='line_1_16' title="bbox 169 867 1789 918; baseline -0.001 -11"><span class='ocrx_word' id='word_1_139' title='bbox 169 874 292 908; x_wconf 89' lang='lat' dir='ltr'>tutem</span> <span class='ocrx_word' id='word_1_140' title='bbox 313 880 400 918; x_wconf 87' lang='lat' dir='ltr'>quae</span> <span class='ocrx_word' id='word_1_141' title='bbox 415 874 475 908; x_wconf 89' lang='lat' dir='ltr'>est</span> <span class='ocrx_word' id='word_1_142' title='bbox 494 870 534 906; x_wconf 91' lang='lat' dir='ltr'>in</span> <span class='ocrx_word' id='word_1_143' title='bbox 550 870 701 907; x_wconf 89' lang='lat' dir='ltr'>semine</span> <span class='ocrx_word' id='word_1_144' title='bbox 716 869 984 906; x_wconf 76' lang='lat' dir='ltr'>constituitur.</span> <span class='ocrx_word' id='word_1_145' title='bbox 1007 870 1074 905; x_wconf 86' lang='lat' dir='ltr'>Est</span> <span class='ocrx_word' id='word_1_146' title='bbox 1092 868 1214 915; x_wconf 87' lang='lat' dir='ltr'>igitur</span> <span class='ocrx_word' id='word_1_147' title='bbox 1227 867 1360 905; x_wconf 88' lang='lat' dir='ltr'>anima</span> <span class='ocrx_word' id='word_1_148' title='bbox 1373 869 1550 906; x_wconf 88' lang='lat' dir='ltr'>humana</span> <span class='ocrx_word' id='word_1_149' title='bbox 1568 868 1611 905; x_wconf 89' lang='lat' dir='ltr'>in</span> <span class='ocrx_word' id='word_1_150' title='bbox 1633 868 1789 906; x_wconf 91' lang='lat' dir='ltr'>semine</span> 
     </span>
     <span class='ocr_line' id='line_1_17' title="bbox 171 915 1345 962; baseline -0.003 -7"><span class='ocrx_word' id='word_1_151' title='bbox 171 917 363 962; x_wconf 87' lang='lat' dir='ltr'>hominis,</span> <span class='ocrx_word' id='word_1_152' title='bbox 383 921 421 954; x_wconf 88' lang='lat' dir='ltr'>et</span> <span class='ocrx_word' id='word_1_153' title='bbox 441 918 496 954; x_wconf 86' lang='lat' dir='ltr'>ita</span> <span class='ocrx_word' id='word_1_154' title='bbox 514 927 563 954; x_wconf 84' lang='lat' dir='ltr'>ex</span> <span class='ocrx_word' id='word_1_155' title='bbox 579 916 784 955; x_wconf 88' lang='lat' dir='ltr'>decisione</span> <span class='ocrx_word' id='word_1_156' title='bbox 805 916 972 953; x_wconf 90' lang='lat' dir='ltr'>seminis</span> <span class='ocrx_word' id='word_1_157' title='bbox 993 915 1190 962; x_wconf 86' lang='lat' dir='ltr'>originem</span> <span class='ocrx_word' id='word_1_158' title='bbox 1212 915 1345 952; x_wconf 87' lang='lat' dir='ltr'>hahet.</span> 
     </span>
    </p>

    <p class='ocr_par' dir='ltr' id='par_1_4' title="bbox 170 961 1796 1292">
     <span class='ocr_line' id='line_1_18' title="bbox 217 961 1796 1010; baseline -0.001 -10"><span class='ocrx_word' id='word_1_159' title='bbox 217 966 317 1006; x_wconf 77' lang='lat' dir='ltr'>Item,</span> <span class='ocrx_word' id='word_1_160' title='bbox 340 964 441 1002; x_wconf 86' lang='lat' dir='ltr'>nihil</span> <span class='ocrx_word' id='word_1_161' title='bbox 460 964 554 1001; x_wconf 89' lang='lat' dir='ltr'>vivit</span> <span class='ocrx_word' id='word_1_162' title='bbox 573 964 651 1001; x_wconf 89' lang='lat' dir='ltr'>nisi</span> <span class='ocrx_word' id='word_1_163' title='bbox 671 973 740 1010; x_wconf 89' lang='lat' dir='ltr'>per</span> <span class='ocrx_word' id='word_1_164' title='bbox 759 964 949 1000; x_wconf 86' lang='lat' dir='ltr'>animam.</span> <span class='ocrx_word' id='word_1_165' title='bbox 986 964 1127 1000; x_wconf 89' lang='lat' dir='ltr'>Semen</span> <span class='ocrx_word' id='word_1_166' title='bbox 1148 965 1280 1000; x_wconf 87' lang='lat' dir='ltr'>autem</span> <span class='ocrx_word' id='word_1_167' title='bbox 1301 965 1363 999; x_wconf 85' lang='lat' dir='ltr'>est</span> <span class='ocrx_word' id='word_1_168' title='bbox 1380 962 1537 1007; x_wconf 88' lang='lat' dir='ltr'>vivum;</span> <span class='ocrx_word' id='word_1_169' title='bbox 1559 961 1667 1010; x_wconf 87' lang='lat' dir='ltr'>quod</span> <span class='ocrx_word' id='word_1_170' title='bbox 1687 965 1796 1009; x_wconf 85' lang='lat' dir='ltr'>patet</span> 
     </span>
     <span class='ocr_line' id='line_1_19' title="bbox 173 1009 1794 1058; baseline -0.001 -9"><span class='ocrx_word' id='word_1_171' title='bbox 173 1021 220 1049; x_wconf 84' lang='lat' dir='ltr'>ex</span> <span class='ocrx_word' id='word_1_172' title='bbox 241 1012 393 1049; x_wconf 85' lang='lat' dir='ltr'>trihus:</span> <span class='ocrx_word' id='word_1_173' title='bbox 416 1012 545 1058; x_wconf 90' lang='lat' dir='ltr'>primo</span> <span class='ocrx_word' id='word_1_174' title='bbox 566 1011 739 1058; x_wconf 84' lang='lat' dir='ltr'>quidem,</span> <span class='ocrx_word' id='word_1_175' title='bbox 760 1011 854 1057; x_wconf 90' lang='lat' dir='ltr'>quia</span> <span class='ocrx_word' id='word_1_176' title='bbox 876 1020 899 1047; x_wconf 91' lang='lat' dir='ltr'>a</span> <span class='ocrx_word' id='word_1_177' title='bbox 915 1010 1070 1046; x_wconf 84' lang='lat' dir='ltr'>vivente</span> <span class='ocrx_word' id='word_1_178' title='bbox 1091 1009 1312 1055; x_wconf 84' lang='lat' dir='ltr'>deciditur3</span> <span class='ocrx_word' id='word_1_179' title='bbox 1334 1009 1527 1052; x_wconf 89' lang='lat' dir='ltr'>secundo,</span> <span class='ocrx_word' id='word_1_180' title='bbox 1549 1009 1643 1056; x_wconf 88' lang='lat' dir='ltr'>quia</span> <span class='ocrx_word' id='word_1_181' title='bbox 1663 1009 1704 1045; x_wconf 92' lang='lat' dir='ltr'>in</span> <span class='ocrx_word' id='word_1_182' title='bbox 1734 1018 1794 1047; x_wconf 91' lang='lat' dir='ltr'>se·</span> 
     </span>
     <span class='ocr_line' id='line_1_20' title="bbox 170 1056 1790 1105; baseline -0.002 -9"><span class='ocrx_word' id='word_1_183' title='bbox 170 1059 277 1096; x_wconf 91' lang='lat' dir='ltr'>mine</span> <span class='ocrx_word' id='word_1_184' title='bbox 297 1062 458 1105; x_wconf 89' lang='lat' dir='ltr'>apparet</span> <span class='ocrx_word' id='word_1_185' title='bbox 476 1059 585 1095; x_wconf 89' lang='lat' dir='ltr'>calor</span> <span class='ocrx_word' id='word_1_186' title='bbox 604 1058 736 1095; x_wconf 86' lang='lat' dir='ltr'>vitalis</span> <span class='ocrx_word' id='word_1_187' title='bbox 758 1062 795 1094; x_wconf 94' lang='lat' dir='ltr'>et</span> <span class='ocrx_word' id='word_1_188' title='bbox 816 1057 994 1104; x_wconf 88' lang='lat' dir='ltr'>operatio</span> <span class='ocrx_word' id='word_1_189' title='bbox 1015 1057 1119 1102; x_wconf 88' lang='lat' dir='ltr'>vitae,</span> <span class='ocrx_word' id='word_1_190' title='bbox 1145 1066 1232 1104; x_wconf 85' lang='lat' dir='ltr'>quae</span> <span class='ocrx_word' id='word_1_191' title='bbox 1253 1060 1348 1094; x_wconf 85' lang='lat' dir='ltr'>sunt</span> <span class='ocrx_word' id='word_1_192' title='bbox 1367 1057 1423 1094; x_wconf 90' lang='lat' dir='ltr'>rei</span> <span class='ocrx_word' id='word_1_193' title='bbox 1443 1057 1613 1094; x_wconf 91' lang='lat' dir='ltr'>viventis</span> <span class='ocrx_word' id='word_1_194' title='bbox 1628 1056 1790 1101; x_wconf 81' lang='lat' dir='ltr'>indicia3</span> 
     </span>
     <span class='ocr_line' id='line_1_21' title="bbox 170 1104 1792 1153; baseline -0.001 -11"><span class='ocrx_word' id='word_1_195' title='bbox 170 1107 303 1150; x_wconf 88' lang='lat' dir='ltr'>tertio,</span> <span class='ocrx_word' id='word_1_196' title='bbox 326 1107 421 1153; x_wconf 87' lang='lat' dir='ltr'>quia</span> <span class='ocrx_word' id='word_1_197' title='bbox 440 1106 595 1142; x_wconf 90' lang='lat' dir='ltr'>semina</span> <span class='ocrx_word' id='word_1_198' title='bbox 613 1106 837 1151; x_wconf 89' lang='lat' dir='ltr'>plantarum</span> <span class='ocrx_word' id='word_1_199' title='bbox 858 1109 971 1142; x_wconf 83' lang='lat' dir='ltr'>terrae</span> <span class='ocrx_word' id='word_1_200' title='bbox 991 1104 1191 1149; x_wconf 87' lang='lat' dir='ltr'>mandata,</span> <span class='ocrx_word' id='word_1_201' title='bbox 1212 1104 1292 1141; x_wconf 89' lang='lat' dir='ltr'>nisi</span> <span class='ocrx_word' id='word_1_202' title='bbox 1320 1104 1362 1141; x_wconf 90' lang='lat' dir='ltr'>in</span> <span class='ocrx_word' id='word_1_203' title='bbox 1383 1113 1426 1141; x_wconf 91' lang='lat' dir='ltr'>se</span> <span class='ocrx_word' id='word_1_204' title='bbox 1446 1104 1567 1141; x_wconf 88' lang='lat' dir='ltr'>vitam</span> <span class='ocrx_word' id='word_1_205' title='bbox 1588 1104 1792 1148; x_wconf 90' lang='lat' dir='ltr'>haberent,</span> 
     </span>
     <span class='ocr_line' id='line_1_22' title="bbox 173 1151 1793 1199; baseline -0.002 -10"><span class='ocrx_word' id='word_1_206' title='bbox 173 1161 222 1190; x_wconf 87' lang='lat' dir='ltr'>ex</span> <span class='ocrx_word' id='word_1_207' title='bbox 241 1157 358 1197; x_wconf 88' lang='lat' dir='ltr'>terra,</span> <span class='ocrx_word' id='word_1_208' title='bbox 377 1161 464 1199; x_wconf 87' lang='lat' dir='ltr'>quae</span> <span class='ocrx_word' id='word_1_209' title='bbox 494 1156 554 1189; x_wconf 87' lang='lat' dir='ltr'>est</span> <span class='ocrx_word' id='word_1_210' title='bbox 574 1152 783 1197; x_wconf 81' lang='lat' dir='ltr'>exanimis,</span> <span class='ocrx_word' id='word_1_211' title='bbox 804 1160 886 1189; x_wconf 90' lang='lat' dir='ltr'>non</span> <span class='ocrx_word' id='word_1_212' title='bbox 906 1154 1073 1197; x_wconf 87' lang='lat' dir='ltr'>possent</span> <span class='ocrx_word' id='word_1_213' title='bbox 1092 1151 1290 1188; x_wconf 87' lang='lat' dir='ltr'>calescere</span> <span class='ocrx_word' id='word_1_214' title='bbox 1311 1151 1358 1188; x_wconf 89' lang='lat' dir='ltr'>ad</span> <span class='ocrx_word' id='word_1_215' title='bbox 1377 1151 1602 1188; x_wconf 88' lang='lat' dir='ltr'>vivendum.</span> <span class='ocrx_word' id='word_1_216' title='bbox 1626 1152 1693 1187; x_wconf 92' lang='lat' dir='ltr'>Est</span> <span class='ocrx_word' id='word_1_217' title='bbox 1718 1151 1793 1197; x_wconf 88' lang='lat' dir='ltr'>igi-</span> 
     </span>
     <span class='ocr_line' id='line_1_23' title="bbox 171 1197 1792 1244; baseline -0.002 -8"><span class='ocrx_word' id='word_1_218' title='bbox 171 1203 236 1236; x_wconf 87' lang='lat' dir='ltr'>tur</span> <span class='ocrx_word' id='word_1_219' title='bbox 253 1200 386 1237; x_wconf 90' lang='lat' dir='ltr'>anima</span> <span class='ocrx_word' id='word_1_220' title='bbox 401 1201 442 1236; x_wconf 89' lang='lat' dir='ltr'>in</span> <span class='ocrx_word' id='word_1_221' title='bbox 458 1200 626 1244; x_wconf 89' lang='lat' dir='ltr'>semine,</span> <span class='ocrx_word' id='word_1_222' title='bbox 648 1203 687 1236; x_wconf 85' lang='lat' dir='ltr'>et</span> <span class='ocrx_word' id='word_1_223' title='bbox 706 1199 765 1236; x_wconf 87' lang='lat' dir='ltr'>sic</span> <span class='ocrx_word' id='word_1_224' title='bbox 785 1209 831 1236; x_wconf 88' lang='lat' dir='ltr'>ex</span> <span class='ocrx_word' id='word_1_225' title='bbox 850 1199 1054 1235; x_wconf 91' lang='lat' dir='ltr'>decisione</span> <span class='ocrx_word' id='word_1_226' title='bbox 1072 1198 1240 1236; x_wconf 90' lang='lat' dir='ltr'>seminis</span> <span class='ocrx_word' id='word_1_227' title='bbox 1260 1197 1380 1235; x_wconf 85' lang='lat' dir='ltr'>vitam</span> <span class='ocrx_word' id='word_1_228' title='bbox 1402 1198 1520 1235; x_wconf 88' lang='lat' dir='ltr'>habet</span> <span class='ocrx_word' id='word_1_229' title='bbox 1538 1202 1574 1235; x_wconf 81' lang='lat' dir='ltr'>et</span> <span class='ocrx_word' id='word_1_230' title='bbox 1595 1198 1792 1244; x_wconf 88' lang='lat' dir='ltr'>originem</span> 
     </span>
     <span class='ocr_line' id='line_1_24' title="bbox 172 1247 290 1292; baseline 0 -9"><span class='ocrx_word' id='word_1_231' title='bbox 172 1247 290 1292; x_wconf 88' lang='lat' dir='ltr'>capit.</span> 
     </span>
    </p>

    <p class='ocr_par' dir='ltr' id='par_1_5' title="bbox 170 1291 1795 1666">
     <span class='ocr_line' id='line_1_25' title="bbox 219 1291 1792 1339; baseline -0.001 -10"><span class='ocrx_word' id='word_1_232' title='bbox 219 1294 404 1339; x_wconf 78' lang='lat' dir='ltr'>Amplius,</span> <span class='ocrx_word' id='word_1_233' title='bbox 427 1292 461 1330; x_wconf 87' lang='lat' dir='ltr'>si</span> <span class='ocrx_word' id='word_1_234' title='bbox 481 1293 616 1330; x_wconf 88' lang='lat' dir='ltr'>anima</span> <span class='ocrx_word' id='word_1_235' title='bbox 635 1301 714 1330; x_wconf 88' lang='lat' dir='ltr'>non</span> <span class='ocrx_word' id='word_1_236' title='bbox 737 1296 796 1330; x_wconf 86' lang='lat' dir='ltr'>est</span> <span class='ocrx_word' id='word_1_237' title='bbox 820 1296 910 1329; x_wconf 89' lang='lat' dir='ltr'>ante</span> <span class='ocrx_word' id='word_1_238' title='bbox 931 1301 1090 1339; x_wconf 89' lang='lat' dir='ltr'>corpus,</span> <span class='ocrx_word' id='word_1_239' title='bbox 1118 1295 1160 1328; x_wconf 88' lang='lat' dir='ltr'>ut</span> <span class='ocrx_word' id='word_1_240' title='bbox 1181 1294 1388 1329; x_wconf 82' lang='lat' dir='ltr'>ostensum</span> <span class='ocrx_word' id='word_1_241' title='bbox 1409 1295 1471 1329; x_wconf 88' lang='lat' dir='ltr'>est</span> <span class='ocrx_word' id='word_1_242' title='bbox 1490 1291 1539 1338; x_wconf 88' lang='lat' dir='ltr'>(c.</span> <span class='ocrx_word' id='word_1_243' title='bbox 1561 1291 1636 1339; x_wconf 83' lang='grc'>83),</span> <span class='ocrx_word' id='word_1_244' title='bbox 1664 1300 1792 1339; x_wconf 86' lang='lat' dir='ltr'>neque</span> 
     </span>
     <span class='ocr_line' id='line_1_26' title="bbox 171 1338 1793 1386; baseline -0.001 -9"><span class='ocrx_word' id='word_1_245' title='bbox 171 1341 313 1386; x_wconf 88' lang='lat' dir='ltr'>incipit</span> <span class='ocrx_word' id='word_1_246' title='bbox 330 1350 420 1377; x_wconf 88' lang='lat' dir='ltr'>esse</span> <span class='ocrx_word' id='word_1_247' title='bbox 444 1349 534 1377; x_wconf 88' lang='lat' dir='ltr'>cum</span> <span class='ocrx_word' id='word_1_248' title='bbox 555 1339 722 1377; x_wconf 90' lang='lat' dir='ltr'>seminis</span> <span class='ocrx_word' id='word_1_249' title='bbox 744 1339 961 1384; x_wconf 88' lang='lat' dir='ltr'>decisione,</span> <span class='ocrx_word' id='word_1_250' title='bbox 984 1339 1163 1386; x_wconf 88' lang='lat' dir='ltr'>sequitur</span> <span class='ocrx_word' id='word_1_251' title='bbox 1180 1338 1286 1386; x_wconf 89' lang='lat' dir='ltr'>quod</span> <span class='ocrx_word' id='word_1_252' title='bbox 1305 1339 1415 1385; x_wconf 88' lang='lat' dir='ltr'>prius</span> <span class='ocrx_word' id='word_1_253' title='bbox 1436 1339 1627 1376; x_wconf 87' lang='lat' dir='ltr'>formetur</span> <span class='ocrx_word' id='word_1_254' title='bbox 1648 1348 1793 1385; x_wconf 87' lang='lat' dir='ltr'>corpus</span> 
     </span>
     <span class='ocr_line' id='line_1_27' title="bbox 171 1385 1792 1433; baseline -0.001 -9"><span class='ocrx_word' id='word_1_255' title='bbox 171 1391 209 1424; x_wconf 92' lang='lat' dir='ltr'>et</span> <span class='ocrx_word' id='word_1_256' title='bbox 231 1391 370 1433; x_wconf 88' lang='lat' dir='ltr'>postea</span> <span class='ocrx_word' id='word_1_257' title='bbox 400 1387 434 1423; x_wconf 88' lang='lat' dir='ltr'>ei</span> <span class='ocrx_word' id='word_1_258' title='bbox 456 1387 691 1424; x_wconf 83' lang='lat' dir='ltr'>infundatur</span> <span class='ocrx_word' id='word_1_259' title='bbox 710 1387 843 1423; x_wconf 85' lang='lat' dir='ltr'>anima</span> <span class='ocrx_word' id='word_1_260' title='bbox 874 1386 921 1423; x_wconf 93' lang='lat' dir='ltr'>de</span> <span class='ocrx_word' id='word_1_261' title='bbox 941 1395 1045 1423; x_wconf 89' lang='lat' dir='ltr'>novo</span> <span class='ocrx_word' id='word_1_262' title='bbox 1065 1389 1209 1423; x_wconf 82' lang='lat' dir='ltr'>creata.</span> <span class='ocrx_word' id='word_1_263' title='bbox 1233 1385 1307 1422; x_wconf 86' lang='lat' dir='ltr'>Sed</span> <span class='ocrx_word' id='word_1_264' title='bbox 1326 1386 1360 1422; x_wconf 89' lang='lat' dir='ltr'>si</span> <span class='ocrx_word' id='word_1_265' title='bbox 1382 1386 1458 1422; x_wconf 88' lang='lat' dir='ltr'>hoc</span> <span class='ocrx_word' id='word_1_266' title='bbox 1478 1390 1539 1423; x_wconf 89' lang='lat' dir='ltr'>est</span> <span class='ocrx_word' id='word_1_267' title='bbox 1557 1395 1708 1431; x_wconf 86' lang='lat' dir='ltr'>verum,</span> <span class='ocrx_word' id='word_1_268' title='bbox 1731 1396 1792 1423; x_wconf 90' lang='lat' dir='ltr'>se-</span> 
     </span>
     <span class='ocr_line' id='line_1_28' title="bbox 171 1432 1795 1481; baseline -0.001 -11"><span class='ocrx_word' id='word_1_269' title='bbox 171 1435 307 1481; x_wconf 85' lang='lat' dir='ltr'>quitur</span> <span class='ocrx_word' id='word_1_270' title='bbox 335 1434 504 1471; x_wconf 87' lang='lat' dir='ltr'>ulterius</span> <span class='ocrx_word' id='word_1_271' title='bbox 536 1434 643 1481; x_wconf 89' lang='lat' dir='ltr'>quod</span> <span class='ocrx_word' id='word_1_272' title='bbox 674 1434 809 1470; x_wconf 86' lang='lat' dir='ltr'>anima</span> <span class='ocrx_word' id='word_1_273' title='bbox 842 1433 894 1470; x_wconf 88' lang='lat' dir='ltr'>sit</span> <span class='ocrx_word' id='word_1_274' title='bbox 924 1436 1085 1480; x_wconf 89' lang='lat' dir='ltr'>propter</span> <span class='ocrx_word' id='word_1_275' title='bbox 1115 1432 1413 1479; x_wconf 88' lang='lat' dir='ltr'>corpus;quod</span> <span class='ocrx_word' id='word_1_276' title='bbox 1433 1432 1539 1469; x_wconf 90' lang='lat' dir='ltr'>enim</span> <span class='ocrx_word' id='word_1_277' title='bbox 1559 1437 1619 1469; x_wconf 89' lang='lat' dir='ltr'>est</span> <span class='ocrx_word' id='word_1_278' title='bbox 1637 1438 1795 1479; x_wconf 79' lang='lat' dir='ltr'>propter</span> 
     </span>
     <span class='ocr_line' id='line_1_29' title="bbox 171 1480 1791 1526; baseline -0.001 -9"><span class='ocrx_word' id='word_1_279' title='bbox 171 1481 293 1526; x_wconf 87' lang='lat' dir='ltr'>aliud,</span> <span class='ocrx_word' id='word_1_280' title='bbox 324 1481 524 1518; x_wconf 90' lang='lat' dir='ltr'>invenitur</span> <span class='ocrx_word' id='word_1_281' title='bbox 553 1490 601 1518; x_wconf 93' lang='lat' dir='ltr'>eo</span> <span class='ocrx_word' id='word_1_282' title='bbox 630 1481 846 1526; x_wconf 87' lang='lat' dir='ltr'>posterius,</span> <span class='ocrx_word' id='word_1_283' title='bbox 881 1480 986 1517; x_wconf 91' lang='lat' dir='ltr'>sicut</span> <span class='ocrx_word' id='word_1_284' title='bbox 1016 1480 1253 1517; x_wconf 91' lang='lat' dir='ltr'>vestimenta</span> <span class='ocrx_word' id='word_1_285' title='bbox 1273 1483 1368 1517; x_wconf 84' lang='lat' dir='ltr'>sunt</span> <span class='ocrx_word' id='word_1_286' title='bbox 1387 1483 1547 1526; x_wconf 88' lang='lat' dir='ltr'>propter</span> <span class='ocrx_word' id='word_1_287' title='bbox 1575 1480 1791 1517; x_wconf 89' lang='lat' dir='ltr'>hominem.</span> 
     </span>
     <span class='ocr_line' id='line_1_30' title="bbox 171 1526 1794 1574; baseline -0.001 -9"><span class='ocrx_word' id='word_1_288' title='bbox 171 1529 252 1565; x_wconf 91' lang='lat' dir='ltr'>Hoc</span> <span class='ocrx_word' id='word_1_289' title='bbox 277 1532 409 1565; x_wconf 88' lang='lat' dir='ltr'>autem</span> <span class='ocrx_word' id='word_1_290' title='bbox 442 1532 503 1565; x_wconf 90' lang='lat' dir='ltr'>est</span> <span class='ocrx_word' id='word_1_291' title='bbox 531 1527 705 1573; x_wconf 81' lang='lat' dir='ltr'>falsum3</span> <span class='ocrx_word' id='word_1_292' title='bbox 736 1537 827 1565; x_wconf 88' lang='lat' dir='ltr'>nam</span> <span class='ocrx_word' id='word_1_293' title='bbox 859 1527 989 1574; x_wconf 85' lang='lat' dir='ltr'>magis</span> <span class='ocrx_word' id='word_1_294' title='bbox 1018 1531 1079 1564; x_wconf 90' lang='lat' dir='ltr'>est</span> <span class='ocrx_word' id='word_1_295' title='bbox 1110 1535 1256 1574; x_wconf 88' lang='lat' dir='ltr'>corpus</span> <span class='ocrx_word' id='word_1_296' title='bbox 1291 1531 1451 1574; x_wconf 85' lang='lat' dir='ltr'>propter</span> <span class='ocrx_word' id='word_1_297' title='bbox 1474 1526 1674 1571; x_wconf 82' lang='lat' dir='ltr'>animam3</span> <span class='ocrx_word' id='word_1_298' title='bbox 1702 1526 1794 1564; x_wconf 85' lang='lat' dir='ltr'>finis</span> 
     </span>
     <span class='ocr_line' id='line_1_31' title="bbox 171 1573 1793 1622; baseline 0.001 -11"><span class='ocrx_word' id='word_1_299' title='bbox 171 1576 277 1612; x_wconf 87' lang='lat' dir='ltr'>euim</span> <span class='ocrx_word' id='word_1_300' title='bbox 299 1584 455 1622; x_wconf 88' lang='lat' dir='ltr'>semper</span> <span class='ocrx_word' id='word_1_301' title='bbox 486 1575 662 1612; x_wconf 84' lang='lat' dir='ltr'>nobilior</span> <span class='ocrx_word' id='word_1_302' title='bbox 693 1579 767 1612; x_wconf 87' lang='lat' dir='ltr'>est.</span> <span class='ocrx_word' id='word_1_303' title='bbox 800 1575 963 1621; x_wconf 87' lang='lat' dir='ltr'>Oportet</span> <span class='ocrx_word' id='word_1_304' title='bbox 986 1574 1109 1622; x_wconf 88' lang='lat' dir='ltr'>igitur</span> <span class='ocrx_word' id='word_1_305' title='bbox 1129 1573 1260 1612; x_wconf 91' lang='lat' dir='ltr'>dicere</span> <span class='ocrx_word' id='word_1_306' title='bbox 1281 1574 1386 1622; x_wconf 90' lang='lat' dir='ltr'>quod</span> <span class='ocrx_word' id='word_1_307' title='bbox 1407 1573 1542 1611; x_wconf 90' lang='lat' dir='ltr'>anima</span> <span class='ocrx_word' id='word_1_308' title='bbox 1561 1574 1682 1612; x_wconf 87' lang='lat' dir='ltr'>simul</span> <span class='ocrx_word' id='word_1_309' title='bbox 1702 1583 1793 1612; x_wconf 89' lang='lat' dir='ltr'>cum</span> 
     </span>
     <span class='ocr_line' id='line_1_32' title="bbox 170 1622 758 1666; baseline 0 -6"><span class='ocrx_word' id='word_1_310' title='bbox 170 1622 375 1660; x_wconf 89' lang='lat' dir='ltr'>decisione</span> <span class='ocrx_word' id='word_1_311' title='bbox 396 1622 563 1660; x_wconf 90' lang='lat' dir='ltr'>seminis</span> <span class='ocrx_word' id='word_1_312' title='bbox 585 1623 758 1666; x_wconf 29' lang='lat' dir='ltr'>oriatur.-</span> 
     </span>
    </p>
   </div>
   <div class='ocr_carea' id='block_1_3' title="bbox 771 1769 1184 1811">
    <p class='ocr_par' dir='ltr' id='par_1_6' title="bbox 771 1769 1184 1811">
     <span class='ocr_line' id='line_1_33' title="bbox 771 1769 1184 1811; baseline 0 -1"><span class='ocrx_word' id='word_1_313' title='bbox 771 1769 939 1811; x_wconf 90' lang='lat' dir='ltr'><strong>CAPUT</strong></span> <span class='ocrx_word' id='word_1_314' title='bbox 973 1769 1184 1810; x_wconf 88' lang='lat' dir='ltr'><strong>LXXXIX.</strong></span> 
     </span>
    </p>
   </div>
   <div class='ocr_carea' id='block_1_4' title="bbox 678 1887 1282 1918">
    <p class='ocr_par' dir='ltr' id='par_1_7' title="bbox 678 1887 1282 1918">
     <span class='ocr_line' id='line_1_34' title="bbox 678 1887 1282 1918; baseline -0.003 0"><span class='ocrx_word' id='word_1_315' title='bbox 678 1888 965 1918; x_wconf 84' lang='lat' dir='ltr'><strong>RESPONSIONES</strong></span> <span class='ocrx_word' id='word_1_316' title='bbox 990 1888 1043 1917; x_wconf 86' lang='grc' dir='ltr'>ΑΙ)</span> <span class='ocrx_word' id='word_1_317' title='bbox 1068 1887 1282 1917; x_wconf 83' lang='lat' dir='ltr'>PRAEDICTA.</span> 
     </span>
    </p>
   </div>
   <div class='ocr_carea' id='block_1_5' title="bbox 164 1997 1791 2938">
    <p class='ocr_par' dir='ltr' id='par_1_8' title="bbox 167 1997 1788 2138">
     <span class='ocr_line' id='line_1_35' title="bbox 214 1997 1786 2044; baseline 0.001 -8"><span class='ocrx_word' id='word_1_318' title='bbox 214 1997 270 2036; x_wconf 86' lang='lat' dir='ltr'>Ad</span> <span class='ocrx_word' id='word_1_319' title='bbox 302 1997 521 2035; x_wconf 82' lang='lat' dir='ltr'>faciliorem</span> <span class='ocrx_word' id='word_1_320' title='bbox 550 2007 643 2034; x_wconf 89' lang='lat' dir='ltr'>vero</span> <span class='ocrx_word' id='word_1_321' title='bbox 674 1999 970 2044; x_wconf 85' lang='lat' dir='ltr'>praemissarum</span> <span class='ocrx_word' id='word_1_322' title='bbox 1000 1998 1200 2036; x_wconf 88' lang='lat' dir='ltr'>rationum</span> <span class='ocrx_word' id='word_1_323' title='bbox 1233 1997 1490 2042; x_wconf 90' lang='lat' dir='ltr'>solutionem,</span> <span class='ocrx_word' id='word_1_324' title='bbox 1512 1997 1786 2044; x_wconf 86' lang='lat' dir='ltr'>praemittenda</span> 
     </span>
     <span class='ocr_line' id='line_1_36' title="bbox 169 2045 1788 2092; baseline 0 -9"><span class='ocrx_word' id='word_1_325' title='bbox 169 2048 264 2084; x_wconf 89' lang='lat' dir='ltr'>sunt</span> <span class='ocrx_word' id='word_1_326' title='bbox 282 2045 460 2092; x_wconf 80' lang='lat' dir='ltr'>quaedam</span> <span class='ocrx_word' id='word_1_327' title='bbox 479 2045 527 2082; x_wconf 84' lang='lat' dir='ltr'>ad</span> <span class='ocrx_word' id='word_1_328' title='bbox 548 2046 824 2091; x_wconf 88' lang='lat' dir='ltr'>exponendum</span> <span class='ocrx_word' id='word_1_329' title='bbox 845 2045 1026 2083; x_wconf 87' lang='lat' dir='ltr'>ordinem</span> <span class='ocrx_word' id='word_1_330' title='bbox 1043 2049 1081 2082; x_wconf 92' lang='lat' dir='ltr'>et</span> <span class='ocrx_word' id='word_1_331' title='bbox 1102 2053 1334 2091; x_wconf 86' lang='lat' dir='ltr'>processum</span> <span class='ocrx_word' id='word_1_332' title='bbox 1355 2045 1626 2091; x_wconf 85' lang='lat' dir='ltr'>generationis</span> <span class='ocrx_word' id='word_1_333' title='bbox 1647 2045 1788 2083; x_wconf 86' lang='lat' dir='ltr'>huma-</span> 
     </span>
     <span class='ocr_line' id='line_1_37' title="bbox 167 2092 785 2138; baseline 0 -10"><span class='ocrx_word' id='word_1_334' title='bbox 167 2100 244 2136; x_wconf 84' lang='lat' dir='ltr'>nae,</span> <span class='ocrx_word' id='word_1_335' title='bbox 265 2097 303 2128; x_wconf 89' lang='lat' dir='ltr'>et</span> <span class='ocrx_word' id='word_1_336' title='bbox 323 2092 561 2138; x_wconf 87' lang='lat' dir='ltr'>generaliter</span> <span class='ocrx_word' id='word_1_337' title='bbox 583 2092 785 2129; x_wconf 88' lang='lat' dir='ltr'>animalis.</span> 
     </span>
    </p>

    <p class='ocr_par' dir='ltr' id='par_1_9' title="bbox 164 2138 1791 2786">
     <span class='ocr_line' id='line_1_38' title="bbox 217 2138 1788 2186; baseline 0 -10"><span class='ocrx_word' id='word_1_338' title='bbox 217 2140 348 2177; x_wconf 90' lang='lat' dir='ltr'>Primo</span> <span class='ocrx_word' id='word_1_339' title='bbox 368 2139 502 2185; x_wconf 78' lang='lat' dir='ltr'>itaque</span> <span class='ocrx_word' id='word_1_340' title='bbox 529 2139 736 2176; x_wconf 86' lang='lat' dir='ltr'>sciendum</span> <span class='ocrx_word' id='word_1_341' title='bbox 758 2143 818 2176; x_wconf 87' lang='lat' dir='ltr'>est</span> <span class='ocrx_word' id='word_1_342' title='bbox 846 2139 986 2177; x_wconf 84' lang='lat' dir='ltr'>falsam</span> <span class='ocrx_word' id='word_1_343' title='bbox 1007 2148 1096 2176; x_wconf 89' lang='lat' dir='ltr'>esse</span> <span class='ocrx_word' id='word_1_344' title='bbox 1117 2139 1348 2185; x_wconf 89' lang='lat' dir='ltr'>opinionem</span> <span class='ocrx_word' id='word_1_345' title='bbox 1369 2138 1632 2186; x_wconf 88' lang='lat' dir='ltr'>quorumdam</span> <span class='ocrx_word' id='word_1_346' title='bbox 1654 2139 1788 2177; x_wconf 88' lang='lat' dir='ltr'>dicen·</span> 
     </span>
     <span class='ocr_line' id='line_1_39' title="bbox 166 2186 1788 2234; baseline 0.001 -11"><span class='ocrx_word' id='word_1_347' title='bbox 166 2186 265 2224; x_wconf 88' lang='lat' dir='ltr'>tium</span> <span class='ocrx_word' id='word_1_348' title='bbox 286 2186 391 2233; x_wconf 89' lang='lat' dir='ltr'>quod</span> <span class='ocrx_word' id='word_1_349' title='bbox 412 2195 532 2232; x_wconf 88' lang='lat' dir='ltr'>opera</span> <span class='ocrx_word' id='word_1_350' title='bbox 551 2187 654 2230; x_wconf 87' lang='lat' dir='ltr'>vitae,</span> <span class='ocrx_word' id='word_1_351' title='bbox 676 2196 763 2234; x_wconf 85' lang='lat' dir='ltr'>quae</span> <span class='ocrx_word' id='word_1_352' title='bbox 783 2191 973 2233; x_wconf 81' lang='lat' dir='ltr'>apparent</span> <span class='ocrx_word' id='word_1_353' title='bbox 992 2187 1033 2223; x_wconf 90' lang='lat' dir='ltr'>in</span> <span class='ocrx_word' id='word_1_354' title='bbox 1054 2186 1268 2234; x_wconf 89' lang='lat' dir='ltr'>embryone</span> <span class='ocrx_word' id='word_1_355' title='bbox 1288 2189 1378 2223; x_wconf 90' lang='lat' dir='ltr'>ante</span> <span class='ocrx_word' id='word_1_356' title='bbox 1400 2186 1585 2224; x_wconf 90' lang='lat' dir='ltr'>ultimum</span> <span class='ocrx_word' id='word_1_357' title='bbox 1614 2187 1788 2233; x_wconf 83' lang='lat' dir='ltr'>comple-</span> 
     </span>
     <span class='ocr_line' id='line_1_40' title="bbox 167 2232 1788 2280; baseline -0.001 -9"><span class='ocrx_word' id='word_1_358' title='bbox 167 2237 359 2277; x_wconf 86' lang='lat' dir='ltr'>mentum,</span> <span class='ocrx_word' id='word_1_359' title='bbox 394 2241 475 2270; x_wconf 92' lang='lat' dir='ltr'>non</span> <span class='ocrx_word' id='word_1_360' title='bbox 509 2236 604 2270; x_wconf 92' lang='lat' dir='ltr'>sunt</span> <span class='ocrx_word' id='word_1_361' title='bbox 635 2243 682 2270; x_wconf 80' lang='lat' dir='ltr'>ex</span> <span class='ocrx_word' id='word_1_362' title='bbox 702 2234 836 2280; x_wconf 87' lang='lat' dir='ltr'>aliqua</span> <span class='ocrx_word' id='word_1_363' title='bbox 867 2234 1002 2271; x_wconf 88' lang='lat' dir='ltr'>anima</span> <span class='ocrx_word' id='word_1_364' title='bbox 1016 2234 1077 2270; x_wconf 86' lang='lat' dir='ltr'>vel</span> <span class='ocrx_word' id='word_1_365' title='bbox 1096 2233 1239 2271; x_wconf 85' lang='lat' dir='ltr'>virtute</span> <span class='ocrx_word' id='word_1_366' title='bbox 1259 2233 1402 2271; x_wconf 87' lang='lat' dir='ltr'>animae</span> <span class='ocrx_word' id='word_1_367' title='bbox 1424 2232 1465 2269; x_wconf 89' lang='lat' dir='ltr'>in</span> <span class='ocrx_word' id='word_1_368' title='bbox 1495 2242 1543 2270; x_wconf 89' lang='lat' dir='ltr'>eo</span> <span class='ocrx_word' id='word_1_369' title='bbox 1579 2233 1788 2279; x_wconf 81' lang='lat' dir='ltr'>existente,</span> 
     </span>
     <span class='ocr_line' id='line_1_41' title="bbox 166 2280 1791 2328; baseline 0 -10"><span class='ocrx_word' id='word_1_370' title='bbox 166 2280 237 2318; x_wconf 91' lang='lat' dir='ltr'>sed</span> <span class='ocrx_word' id='word_1_371' title='bbox 270 2290 317 2317; x_wconf 84' lang='lat' dir='ltr'>ex</span> <span class='ocrx_word' id='word_1_372' title='bbox 344 2280 479 2318; x_wconf 87' lang='lat' dir='ltr'>anima</span> <span class='ocrx_word' id='word_1_373' title='bbox 506 2280 659 2317; x_wconf 87' lang='lat' dir='ltr'>matris.</span> <span class='ocrx_word' id='word_1_374' title='bbox 691 2281 730 2318; x_wconf 90' lang='lat' dir='ltr'>Si</span> <span class='ocrx_word' id='word_1_375' title='bbox 760 2281 867 2317; x_wconf 90' lang='lat' dir='ltr'>enim</span> <span class='ocrx_word' id='word_1_376' title='bbox 891 2281 968 2319; x_wconf 89' lang='lat' dir='ltr'>hoc</span> <span class='ocrx_word' id='word_1_377' title='bbox 998 2284 1106 2318; x_wconf 86' lang='lat' dir='ltr'>esset</span> <span class='ocrx_word' id='word_1_378' title='bbox 1124 2290 1275 2322; x_wconf 87' lang='lat' dir='ltr'>verum,</span> <span class='ocrx_word' id='word_1_379' title='bbox 1293 2280 1374 2327; x_wconf 86' lang='lat' dir='ltr'>jam</span> <span class='ocrx_word' id='word_1_380' title='bbox 1395 2280 1558 2328; x_wconf 80' lang='lat' dir='ltr'>embryo</span> <span class='ocrx_word' id='word_1_381' title='bbox 1579 2288 1660 2318; x_wconf 90' lang='lat' dir='ltr'>non</span> <span class='ocrx_word' id='word_1_382' title='bbox 1681 2285 1791 2318; x_wconf 83' lang='lat' dir='ltr'>esset</span> 
     </span>
     <span class='ocr_line' id='line_1_42' title="bbox 166 2327 1787 2374; baseline 0.001 -9"><span class='ocrx_word' id='word_1_383' title='bbox 166 2328 327 2372; x_wconf 86' lang='lat' dir='ltr'>animal,</span> <span class='ocrx_word' id='word_1_384' title='bbox 358 2336 480 2374; x_wconf 90' lang='lat' dir='ltr'>quum</span> <span class='ocrx_word' id='word_1_385' title='bbox 510 2336 628 2365; x_wconf 90' lang='lat' dir='ltr'>omne</span> <span class='ocrx_word' id='word_1_386' title='bbox 659 2328 806 2365; x_wconf 88' lang='lat' dir='ltr'>animal</span> <span class='ocrx_word' id='word_1_387' title='bbox 835 2338 884 2365; x_wconf 84' lang='lat' dir='ltr'>ex</span> <span class='ocrx_word' id='word_1_388' title='bbox 914 2328 1049 2365; x_wconf 88' lang='lat' dir='ltr'>anima</span> <span class='ocrx_word' id='word_1_389' title='bbox 1077 2331 1115 2364; x_wconf 85' lang='lat' dir='ltr'>et</span> <span class='ocrx_word' id='word_1_390' title='bbox 1151 2337 1316 2374; x_wconf 89' lang='lat' dir='ltr'>corpore</span> <span class='ocrx_word' id='word_1_391' title='bbox 1335 2330 1504 2365; x_wconf 88' lang='lat' dir='ltr'>constet.</span> <span class='ocrx_word' id='word_1_392' title='bbox 1527 2327 1787 2374; x_wconf 83' lang='lat' dir='ltr'>operationes</span> 
     </span>
     <span class='ocr_line' id='line_1_43' title="bbox 167 2374 1791 2422; baseline 0.001 -11"><span class='ocrx_word' id='word_1_393' title='bbox 167 2375 285 2412; x_wconf 87' lang='lat' dir='ltr'>etiam</span> <span class='ocrx_word' id='word_1_394' title='bbox 304 2375 394 2411; x_wconf 83' lang='lat' dir='ltr'>vitae</span> <span class='ocrx_word' id='word_1_395' title='bbox 411 2383 492 2411; x_wconf 92' lang='lat' dir='ltr'>non</span> <span class='ocrx_word' id='word_1_396' title='bbox 511 2374 751 2421; x_wconf 88' lang='lat' dir='ltr'>proveniunt</span> <span class='ocrx_word' id='word_1_397' title='bbox 769 2384 792 2412; x_wconf 92' lang='lat' dir='ltr'>a</span> <span class='ocrx_word' id='word_1_398' title='bbox 811 2375 1008 2422; x_wconf 91' lang='lat' dir='ltr'>principio</span> <span class='ocrx_word' id='word_1_399' title='bbox 1029 2375 1157 2412; x_wconf 80' lang='lat' dir='ltr'>activo</span> <span class='ocrx_word' id='word_1_400' title='bbox 1177 2375 1417 2419; x_wconf 80' lang='lat' dir='ltr'>extrinseco,</span> <span class='ocrx_word' id='word_1_401' title='bbox 1438 2374 1509 2412; x_wconf 91' lang='lat' dir='ltr'>sed</span> <span class='ocrx_word' id='word_1_402' title='bbox 1529 2375 1578 2412; x_wconf 89' lang='lat' dir='ltr'>ab</span> <span class='ocrx_word' id='word_1_403' title='bbox 1609 2375 1791 2412; x_wconf 82' lang='lat' dir='ltr'>intranea</span> 
     </span>
     <span class='ocr_line' id='line_1_44' title="bbox 164 2421 1786 2469; baseline 0 -12"><span class='ocrx_word' id='word_1_404' title='bbox 164 2422 333 2466; x_wconf 85' lang='lat' dir='ltr'>virtute3</span> <span class='ocrx_word' id='word_1_405' title='bbox 364 2422 407 2458; x_wconf 90' lang='lat' dir='ltr'>in</span> <span class='ocrx_word' id='word_1_406' title='bbox 437 2431 517 2469; x_wconf 89' lang='lat' dir='ltr'>quo</span> <span class='ocrx_word' id='word_1_407' title='bbox 550 2422 750 2468; x_wconf 88' lang='lat' dir='ltr'>praecipue</span> <span class='ocrx_word' id='word_1_408' title='bbox 784 2432 807 2459; x_wconf 92' lang='lat' dir='ltr'>a</span> <span class='ocrx_word' id='word_1_409' title='bbox 838 2431 919 2459; x_wconf 88' lang='lat' dir='ltr'>non</span> <span class='ocrx_word' id='word_1_410' title='bbox 952 2421 1177 2460; x_wconf 89' lang='lat' dir='ltr'>viventibus</span> <span class='ocrx_word' id='word_1_411' title='bbox 1202 2422 1376 2459; x_wconf 88' lang='lat' dir='ltr'>viventia</span> <span class='ocrx_word' id='word_1_412' title='bbox 1393 2421 1577 2459; x_wconf 87' lang='lat' dir='ltr'>videntur</span> <span class='ocrx_word' id='word_1_413' title='bbox 1597 2422 1786 2464; x_wconf 87' lang='lat' dir='ltr'>discerni,</span> 
     </span>
     <span class='ocr_line' id='line_1_45' title="bbox 165 2467 1786 2515; baseline 0 -10"><span class='ocrx_word' id='word_1_414' title='bbox 165 2477 335 2515; x_wconf 88' lang='lat' dir='ltr'>quorum</span> <span class='ocrx_word' id='word_1_415' title='bbox 364 2472 426 2506; x_wconf 89' lang='lat' dir='ltr'>est</span> <span class='ocrx_word' id='word_1_416' title='bbox 455 2469 659 2515; x_wconf 85' lang='lat' dir='ltr'>proprium</span> <span class='ocrx_word' id='word_1_417' title='bbox 692 2479 850 2507; x_wconf 90' lang='lat' dir='ltr'>movere</span> <span class='ocrx_word' id='word_1_418' title='bbox 868 2469 1014 2515; x_wconf 89' lang='lat' dir='ltr'>seipsa.</span> <span class='ocrx_word' id='word_1_419' title='bbox 1040 2469 1152 2513; x_wconf 83' lang='lat' dir='ltr'>Quod</span> <span class='ocrx_word' id='word_1_420' title='bbox 1173 2470 1279 2506; x_wconf 88' lang='lat' dir='ltr'>enim</span> <span class='ocrx_word' id='word_1_421' title='bbox 1301 2469 1473 2505; x_wconf 89' lang='lat' dir='ltr'>nutritur</span> <span class='ocrx_word' id='word_1_422' title='bbox 1493 2469 1689 2506; x_wconf 86' lang='lat' dir='ltr'>assimilat</span> <span class='ocrx_word' id='word_1_423' title='bbox 1708 2467 1786 2505; x_wconf 86' lang='lat' dir='ltr'>sibi</span> 
     </span>
     <span class='ocr_line' id='line_1_46' title="bbox 166 2515 1784 2562; baseline 0 -11"><span class='ocrx_word' id='word_1_424' title='bbox 166 2517 478 2562; x_wconf 84' lang='lat' dir='ltr'>nutrimentum3</span> <span class='ocrx_word' id='word_1_425' title='bbox 501 2516 606 2553; x_wconf 91' lang='lat' dir='ltr'>unde</span> <span class='ocrx_word' id='word_1_426' title='bbox 626 2520 781 2562; x_wconf 87' lang='lat' dir='ltr'>oportet</span> <span class='ocrx_word' id='word_1_427' title='bbox 799 2517 841 2553; x_wconf 94' lang='lat' dir='ltr'>in</span> <span class='ocrx_word' id='word_1_428' title='bbox 862 2517 1011 2553; x_wconf 89' lang='lat' dir='ltr'>nutrito</span> <span class='ocrx_word' id='word_1_429' title='bbox 1030 2525 1120 2554; x_wconf 90' lang='lat' dir='ltr'>esse</span> <span class='ocrx_word' id='word_1_430' title='bbox 1138 2517 1324 2554; x_wconf 86' lang='lat' dir='ltr'>virtutem</span> <span class='ocrx_word' id='word_1_431' title='bbox 1345 2516 1577 2553; x_wconf 88' lang='lat' dir='ltr'>nutritionis</span> <span class='ocrx_word' id='word_1_432' title='bbox 1602 2515 1784 2560; x_wconf 85' lang='lat' dir='ltr'>activam,</span> 
     </span>
     <span class='ocr_line' id='line_1_47' title="bbox 165 2561 1787 2614; baseline 0.001 -16"><span class='ocrx_word' id='word_1_433' title='bbox 165 2572 286 2607; x_wconf 88' lang='lat' dir='ltr'>quum</span> <span class='ocrx_word' id='word_1_434' title='bbox 323 2572 447 2610; x_wconf 85' lang='lat' dir='ltr'>agens</span> <span class='ocrx_word' id='word_1_435' title='bbox 479 2563 556 2600; x_wconf 87' lang='lat' dir='ltr'>sibi</span> <span class='ocrx_word' id='word_1_436' title='bbox 578 2563 710 2601; x_wconf 90' lang='lat' dir='ltr'>simile</span> <span class='ocrx_word' id='word_1_437' title='bbox 740 2567 856 2611; x_wconf 83' lang='lat' dir='ltr'>agat3</span> <span class='ocrx_word' id='word_1_438' title='bbox 879 2567 917 2601; x_wconf 88' lang='lat' dir='ltr'>et</span> <span class='ocrx_word' id='word_1_439' title='bbox 936 2564 1062 2601; x_wconf 87' lang='lat' dir='ltr'>multo</span> <span class='ocrx_word' id='word_1_440' title='bbox 1081 2567 1142 2601; x_wconf 90' lang='lat' dir='ltr'>est</span> <span class='ocrx_word' id='word_1_441' title='bbox 1161 2563 1238 2601; x_wconf 88' lang='lat' dir='ltr'>hoc</span> <span class='ocrx_word' id='word_1_442' title='bbox 1258 2562 1511 2600; x_wconf 88' lang='lat' dir='ltr'>manifestius</span> <span class='ocrx_word' id='word_1_443' title='bbox 1539 2561 1787 2614; x_wconf 23' lang='lat' dir='ltr'>intoperibus</span> 
     </span>
     <span class='ocr_line' id='line_1_48' title="bbox 165 2608 1788 2659; baseline 0 -15"><span class='ocrx_word' id='word_1_444' title='bbox 165 2618 335 2659; x_wconf 81' lang='lat' dir='ltr'>seiisus3</span> <span class='ocrx_word' id='word_1_445' title='bbox 372 2618 464 2646; x_wconf 90' lang='lat' dir='ltr'>nam</span> <span class='ocrx_word' id='word_1_446' title='bbox 496 2610 628 2647; x_wconf 85' lang='lat' dir='ltr'>videre</span> <span class='ocrx_word' id='word_1_447' title='bbox 658 2614 697 2647; x_wconf 91' lang='lat' dir='ltr'>et</span> <span class='ocrx_word' id='word_1_448' title='bbox 721 2611 859 2648; x_wconf 91' lang='lat' dir='ltr'>audire</span> <span class='ocrx_word' id='word_1_449' title='bbox 889 2611 1076 2648; x_wconf 83' lang='lat' dir='ltr'>convenit</span> <span class='ocrx_word' id='word_1_450' title='bbox 1103 2610 1223 2648; x_wconf 87' lang='lat' dir='ltr'>alicui</span> <span class='ocrx_word' id='word_1_451' title='bbox 1255 2619 1326 2656; x_wconf 89' lang='lat' dir='ltr'>per</span> <span class='ocrx_word' id='word_1_452' title='bbox 1342 2609 1527 2647; x_wconf 81' lang='lat' dir='ltr'>virtutem</span> <span class='ocrx_word' id='word_1_453' title='bbox 1547 2608 1719 2655; x_wconf 80' lang='lat' dir='ltr'>allquam</span> <span class='ocrx_word' id='word_1_454' title='bbox 1745 2618 1788 2645; x_wconf 85' lang='lat' dir='ltr'>in</span> 
     </span>
     <span class='ocr_line' id='line_1_49' title="bbox 165 2655 1786 2708; baseline 0.001 -18"><span class='ocrx_word' id='word_1_455' title='bbox 165 2664 253 2699; x_wconf 89' lang='lat' dir='ltr'>1pso</span> <span class='ocrx_word' id='word_1_456' title='bbox 287 2655 536 2708; x_wconf 82' lang='lat' dir='ltr'>existentem,</span> <span class='ocrx_word' id='word_1_457' title='bbox 570 2666 651 2695; x_wconf 92' lang='lat' dir='ltr'>non</span> <span class='ocrx_word' id='word_1_458' title='bbox 680 2658 719 2694; x_wconf 92' lang='lat' dir='ltr'>in</span> <span class='ocrx_word' id='word_1_459' title='bbox 754 2658 850 2696; x_wconf 85' lang='lat' dir='ltr'>alio.</span> <span class='ocrx_word' id='word_1_460' title='bbox 879 2657 1003 2703; x_wconf 91' lang='lat' dir='ltr'>Unde,</span> <span class='ocrx_word' id='word_1_461' title='bbox 1037 2667 1160 2705; x_wconf 87' lang='lat' dir='ltr'>quum</span> <span class='ocrx_word' id='word_1_462' title='bbox 1190 2658 1352 2705; x_wconf 81' lang='lat' dir='ltr'>embryo</span> <span class='ocrx_word' id='word_1_463' title='bbox 1384 2655 1609 2693; x_wconf 88' lang='lat' dir='ltr'>inveniatur</span> <span class='ocrx_word' id='word_1_464' title='bbox 1640 2655 1786 2692; x_wconf 86' lang='lat' dir='ltr'>nutriri</span> 
     </span>
     <span class='ocr_line' id='line_1_50' title="bbox 165 2701 1786 2784; baseline 0.002 -48"><span class='ocrx_word' id='word_1_465' title='bbox 165 2705 256 2752; x_wconf 76' lang='lat' dir='ltr'>ante</span> <span class='ocrx_word' id='word_1_466' title='bbox 287 2702 472 2784; x_wconf 54' lang='lat' dir='ltr'>ultimtum</span> <span class='ocrx_word' id='word_1_467' title='bbox 505 2705 840 2751; x_wconf 88' lang='lat' dir='ltr'>complementum</span> <span class='ocrx_word' id='word_1_468' title='bbox 874 2708 912 2742; x_wconf 91' lang='lat' dir='ltr'>et</span> <span class='ocrx_word' id='word_1_469' title='bbox 940 2705 1058 2742; x_wconf 88' lang='lat' dir='ltr'>etiam</span> <span class='ocrx_word' id='word_1_470' title='bbox 1083 2704 1246 2750; x_wconf 88' lang='lat' dir='ltr'>sentire,</span> <span class='ocrx_word' id='word_1_471' title='bbox 1263 2712 1345 2741; x_wconf 91' lang='lat' dir='ltr'>non</span> <span class='ocrx_word' id='word_1_472' title='bbox 1372 2705 1505 2749; x_wconf 86' lang='lat' dir='ltr'>potest</span> <span class='ocrx_word' id='word_1_473' title='bbox 1527 2701 1605 2739; x_wconf 88' lang='lat' dir='ltr'>hoc</span> <span class='ocrx_word' id='word_1_474' title='bbox 1624 2702 1786 2741; x_wconf 81' lang='lat' dir='ltr'>attribui</span> 
     </span>
     <span class='ocr_line' id='line_1_51' title="bbox 167 2756 483 2786; baseline 0.009 -3"><span class='ocrx_word' id='word_1_475' title='bbox 167 2756 310 2785; x_wconf 82' lang='lat' dir='ltr'>ammae</span> <span class='ocrx_word' id='word_1_476' title='bbox 330 2757 395 2785; x_wconf 90' lang='lat' dir='ltr'>ma</span> <span class='ocrx_word' id='word_1_477' title='bbox 414 2758 483 2786; x_wconf 91' lang='lat' dir='ltr'>r1s.</span> 
     </span>
    </p>

    <p class='ocr_par' dir='ltr' id='par_1_10' title="bbox 165 2794 1786 2938">
     <span class='ocr_line' id='line_1_52' title="bbox 211 2794 1786 2845; baseline 0.001 -15"><span class='ocrx_word' id='word_1_478' title='bbox 211 2796 289 2831; x_wconf 87' lang='lat' dir='ltr'>Nec</span> <span class='ocrx_word' id='word_1_479' title='bbox 321 2798 454 2832; x_wconf 88' lang='lat' dir='ltr'>tamen</span> <span class='ocrx_word' id='word_1_480' title='bbox 484 2799 615 2842; x_wconf 89' lang='lat' dir='ltr'>potest</span> <span class='ocrx_word' id='word_1_481' title='bbox 645 2797 722 2835; x_wconf 90' lang='lat' dir='ltr'>dici</span> <span class='ocrx_word' id='word_1_482' title='bbox 753 2797 859 2845; x_wconf 89' lang='lat' dir='ltr'>quod</span> <span class='ocrx_word' id='word_1_483' title='bbox 891 2798 933 2835; x_wconf 91' lang='lat' dir='ltr'>in</span> <span class='ocrx_word' id='word_1_484' title='bbox 961 2798 1129 2843; x_wconf 88' lang='lat' dir='ltr'>semine,</span> <span class='ocrx_word' id='word_1_485' title='bbox 1161 2796 1318 2842; x_wconf 87' lang='lat' dir='ltr'>abipso</span> <span class='ocrx_word' id='word_1_486' title='bbox 1338 2794 1548 2842; x_wconf 88' lang='lat' dir='ltr'>principio,</span> <span class='ocrx_word' id='word_1_487' title='bbox 1577 2795 1630 2832; x_wconf 90' lang='lat' dir='ltr'>sit</span> <span class='ocrx_word' id='word_1_488' title='bbox 1651 2796 1786 2833; x_wconf 80' lang='lat' dir='ltr'>anima.</span> 
     </span>
     <span class='ocr_line' id='line_1_53' title="bbox 165 2841 1780 2890; baseline 0.001 -13"><span class='ocrx_word' id='word_1_489' title='bbox 165 2841 385 2878; x_wconf 88' lang='lat' dir='ltr'>secundum</span> <span class='ocrx_word' id='word_1_490' title='bbox 418 2850 532 2879; x_wconf 88' lang='lat' dir='ltr'>suam</span> <span class='ocrx_word' id='word_1_491' title='bbox 563 2845 779 2882; x_wconf 88' lang='lat' dir='ltr'>essentiam</span> <span class='ocrx_word' id='word_1_492' title='bbox 814 2845 1068 2890; x_wconf 86' lang='lat' dir='ltr'>completam,</span> <span class='ocrx_word' id='word_1_493' title='bbox 1103 2844 1218 2890; x_wconf 89' lang='lat' dir='ltr'>cujus</span> <span class='ocrx_word' id='word_1_494' title='bbox 1249 2847 1382 2880; x_wconf 91' lang='lat' dir='ltr'>tamen</span> <span class='ocrx_word' id='word_1_495' title='bbox 1417 2842 1670 2888; x_wconf 84' lang='lat' dir='ltr'>operationes</span> <span class='ocrx_word' id='word_1_496' title='bbox 1698 2851 1780 2880; x_wconf 89' lang='lat' dir='ltr'>non</span> 
     </span>
     <span class='ocr_line' id='line_1_54' title="bbox 165 2889 1781 2938; baseline 0.001 -13"><span class='ocrx_word' id='word_1_497' title='bbox 165 2892 353 2935; x_wconf 88' lang='lat' dir='ltr'>apparent</span> <span class='ocrx_word' id='word_1_498' title='bbox 381 2892 541 2936; x_wconf 83' lang='lat' dir='ltr'>propter</span> <span class='ocrx_word' id='word_1_499' title='bbox 571 2898 812 2937; x_wconf 85' lang='lat' dir='ltr'>organorum</span> <span class='ocrx_word' id='word_1_500' title='bbox 848 2891 1058 2930; x_wconf 86' lang='lat' dir='ltr'>desectum.</span> <span class='ocrx_word' id='word_1_501' title='bbox 1079 2892 1191 2936; x_wconf 89' lang='lat' dir='ltr'>Nam,</span> <span class='ocrx_word' id='word_1_502' title='bbox 1211 2898 1334 2938; x_wconf 85' lang='lat' dir='ltr'>quum</span> <span class='ocrx_word' id='word_1_503' title='bbox 1359 2889 1494 2926; x_wconf 89' lang='lat' dir='ltr'>anima</span> <span class='ocrx_word' id='word_1_504' title='bbox 1513 2890 1674 2927; x_wconf 81' lang='lat' dir='ltr'>uniatur</span> <span class='ocrx_word' id='word_1_505' title='bbox 1694 2899 1781 2928; x_wconf 88' lang='lat' dir='ltr'>cor-</span> 
     </span>
    </p>
   </div>
  </div>
 </body>
</html>
