1894 3223
113 159 181 196 356
689 152 778 189 LIB.
806 152 870 192 111.
898 151 998 189 CAP.
1026 151 1152 189 LXXV.

114 243 176 277 est
196 237 287 284 quia
308 244 387 271 non
405 233 614 279 cognoscit
634 242 693 277 ea,
719 237 786 270 aut
806 233 900 280 quia
919 242 1000 271 non
1018 237 1163 280 potest,
1184 236 1251 271 aut
1304 233 1371 270 uia
1390 242 1470 270 non
1492 233 1576 270 vult
1602 243 1735 272 rerum

114 293 249 323 curam
267 282 422 318 habere.
445 282 530 317 Non
545 283 675 316 autem
691 283 821 325 potest
835 279 912 317 dici
933 280 1038 326 quod
1054 282 1157 318 Deus
1172 280 1291 327 singu
1311 280 1393 317 aria
1406 289 1487 317 non
1503 285 1733 326 cognoseat.

115 333 328 368 ostensum
347 327 452 363 enim
468 329 528 363 est
543 335 663 372 supra
701 326 766 363 lib.
789 335 818 371 1,
831 336 917 372 cap.
936 326 994 374 65)
1007 327 1113 374 quod
1131 329 1235 364 Deus
1251 335 1386 364 eorum
1403 327 1580 364 notitiam
1601 327 1732 365 1131101.

114 380 193 415 Nec
208 376 324 412 etiam
347 377 477 419 potest
492 373 569 410 dici
590 381 668 420 quo
712 375 816 410 Deus
834 382 971 410 eorum
989 383 1124 411 curam
1135 373 1279 411 habere
1293 382 1375 411 non
1390 374 1632 420 possit,cum
1649 375 1735 420 ejus

113 422 290 470 potentia
311 421 363 457 sit
388 419 556 464 infinita,
577 423 619 456 ut
645 429 766 465 supra
797 420 1006 465 probatum
1033 424 1095 458 051
1129 420 1212 467 (lib.
1234 429 1262 461 1,
1283 430 1370 466 cap.
1405 423 1481 467 22).
1503 422 1581 458 Nec
1616 422 1734 458 etiam

114 471 200 507 baec
221 467 441 513 singularia
456 466 757 513 gubernationis
777 475 858 503 non
874 467 1036 514 capacia
1050 471 1157 512 sunt,
1174 475 1265 505 cum
1283 467 1490 504 videamus
1518 477 1563 505 ea
1596 468 1735 514 guber-

115 516 202 553 nari
217 515 383 552 rationis
398 514 608 557 industria,
629 513 734 550 sicut
753 517 859 560 patet
879 513 921 550 in
938 513 1182 555 hominibus,
1197 517 1236 550 01
1248 522 1318 559 per
1332 514 1552 551 naturalem
1568 515 1735 552 instinc-

114 567 214 605 tum,
238 562 341 598 sicut
354 564 460 606 patet
478 561 520 597 in
541 559 696 606 apibus,
717 563 755 597 et
783 560 920 597 multis
950 560 1190 598 animalibus
1208 560 1351 605 brutis,
1373 570 1459 607 quae
1480 561 1651 607 quodam
1672 571 1738 599 na-

115 608 234 646 turali
246 608 438 645 instinctu
450 607 870 654 gubernantur.Neque
881 607 997 644 etiam
1013 607 1089 644 dici
1105 610 1236 653 potest
1253 607 1360 652 quod
1370 608 1474 644 Deus
1490 616 1570 644 non
1583 609 1675 645 velit
1691 617 1738 646 ea

117 656 352 703 gubernare,
385 663 474 691 cuni
506 653 692 692 voluntas
727 654 855 700 ipsius
886 654 939 691 sit
968 653 1247 691 universaliter
1277 654 1410 691 omnis
1442 654 1551 691 boni.
1582 657 1735 693 Bonum

117 706 248 740 autem
270 711 407 738 eorum
429 710 514 747 quae
547 700 831 747 gubernantur,
856 700 898 738 in
929 700 1068 738 ordine
1099 700 1401 747 gubernationis
1437 701 1607 738 maxime
1641 711 1736 739 con-

117 749 237 833 151151111.
259 750 345 785 Νο11
371 748 491 795 igitur
510 751 640 794 potest
666 747 743 785 dici
764 747 870 794 quod
905 748 1010 786 Deus
1036 747 1180 786 horum
1210 747 1476 795 singularium
1498 757 1633 785 curam
1654 757 1735 786 non

147 805 168 832 a
199 798 272 832 eat.

164 843 346 889 AmpliuS,
367 850 507 878 omnes
527 850 658 879 causae
679 842 878 885 secundae,
905 842 947 878 in
968 842 1043 879 hoc
1064 841 1170 888 quod
1189 849 1320 878 causae
1350 840 1539 885 existunt,
1563 841 1735 879 divinam

119 889 421 927 similitudinem
443 891 755 935 consequuntur,
777 893 820 925 ut
848 899 894 925 ex
921 888 1160 934 supradictis
1183 888 1282 934 (cap.
1303 887 1364 934 21)
1396 891 1514 933 patet.
1538 889 1739 926 Invenitur

119 940 249 973 autem
295 936 369 972 1100
400 935 664 972 communiter
695 935 736 971 in
767 936 900 972 causis
934 935 1246 981 producentibus
1277 934 1440 981 aliquid,
1477 944 1564 981 quae
1604 944 1738 972 curam

118 983 265 1019 habent
284 991 418 1019 eorum
442 991 527 1028 quae
547 982 771 1027 producunt
792 994 800 1018 ε
821 983 924 1019 510111
944 983 1133 1019 animalia
1160 981 1392 1019 naturaliter
1422 981 1601 1018 nutriunt
1620 982 1738 1019 foetus

120 1038 229 1066 suos.
250 1031 352 1065 Deus
373 1030 493 1074 igitur
512 1038 646 1065 curam
669 1029 786 1065 1131101
806 1038 941 1066 eorum
975 1038 1143 1076 quorum
1175 1038 1297 1065 causa
1331 1028 1478 1065 existit.
1510 1030 1575 1065 Est
1607 1033 1737 1066 autem

119 1086 240 1113 causa
258 1077 372 1112 ctiam
395 1076 561 1112 istorum
586 1076 894 1121 particularium,
919 1080 960 1112 ut
981 1086 1028 1113 ex
1047 1076 1247 1122 praedictis
1269 1075 1351 1122 (lib.
1373 1084 1416 1120 11,
1439 1085 1524 1120 cap.
1547 1078 1600 1121 ¹3)
1615 1080 1734 1120 patet.

122 1123 243 1159 Habet
263 1123 383 1169 igitur
404 1132 539 1159 eorum
562 1132 711 1159 curam.

165 1171 264 1210 Item,
289 1173 493 1206 ostensum
518 1173 579 1205 est
612 1178 732 1214 supra
764 1168 847 1214 (lib.
868 1178 896 1213 1,
918 1179 1003 1214 cap.
1022 1172 1067 1206 23
1103 1173 1140 1206 et
1170 1169 1244 1215 24),
1270 1168 1375 1214 quod
1405 1170 1508 1205 Deus
1546 1169 1586 1204 111
1619 1169 1737 1206 rebus

120 1216 262 1253 creatis
281 1225 360 1252 non
380 1216 615 1252 necessitate
635 1220 785 1252 naturae
806 1216 900 1261 agit,
931 1215 1000 1253 sed
1033 1225 1103 1262 per
1133 1216 1376 1252 voluntatem
1412 1218 1449 1250 et
1476 1215 1734 1252 intellectum.

121 1265 173 1299 Ea
193 1266 323 1299 autem
345 1272 432 1309 quae
453 1266 624 1309 aguntur
648 1272 717 1308 per
742 1262 982 1300 voluntatem
1017 1267 1055 1299 et
1084 1262 1329 1299 intellectum
1355 1271 1460 1298 curae
1492 1262 1736 1307 providentis

120 1309 356 1353 subduntur,
378 1311 465 1356 qiiae
493 1310 532 1345 in
565 1310 641 1346 1100
667 1309 886 1346 consistere
917 1309 1071 1346 videtur
1101 1309 1207 1356 quod
1240 1318 1309 1354 per
1338 1308 1580 1346 intellectum
1605 1309 1737 1356 aliqua

120 1356 412 1402 dispensentur.
439 1356 585 1392 Divinae
604 1365 698 1402 ergo
718 1356 974 1401 providentiae
995 1355 1220 1393 subduntur
1238 1365 1284 1392 ea
1319 1364 1407 1401 quae
1432 1355 1480 1392 ab
1502 1356 1590 1400 ipso
1612 1365 1736 1402 agun-

118 1406 194 1440 tur.
218 1403 428 1439 Ostensiim
456 1406 516 1439 est
546 1406 676 1439 autem
697 1412 817 1448 supra
838 1402 937 1449 (cap.
957 1404 1018 1450 70)
1041 1402 1146 1449 quod
1165 1404 1269 1439 Deus
1291 1402 1529 1448 operaturin
1549 1402 1737 1440 omnibus

119 1449 252 1487 causis
274 1449 476 1493 secundis,
496 1452 533 1485 et
553 1458 693 1486 omnes
714 1459 844 1486 rerum
875 1448 1040 1486 effectus
1076 1449 1320 1486 reducuntur
1346 1449 1386 1484 in
1421 1450 1541 1485 Deum
1571 1450 1675 1486 sicut
1694 1450 1736 1486 in

119 1505 293 1533 causam.
318 1498 360 1532 Et
381 1496 438 1532 510
458 1500 610 1541 oportet
646 1496 752 1542 quod
777 1505 824 1533 ea
855 1505 942 1542 quae
974 1496 1016 1533 in
1042 1495 1132 1534 istis
1151 1495 1425 1542 singularibus
1451 1499 1635 1541 aguntur,
1657 1495 1739 1533 sint

119 1542 222 1580 sicut
243 1543 371 1588 ipsius
392 1552 524 1589 opera.
546 1543 670 1589 Igitur
689 1543 771 1581 haec
785 1543 1006 1590 singularia
1020 1547 1058 1580 et
1076 1546 1210 1581 motus
1224 1546 1262 1579 et
1275 1542 1527 1590 operationes
1543 1543 1736 1589 ipsorum,

118 1589 260 1627 divinae
281 1589 535 1636 providentiae
556 1589 774 1636 subjacent.

168 1638 355 1677 Praeterea,
379 1637 499 1673 stulta
516 1639 575 1673 est
607 1636 855 1683 providentia
886 1636 1055 1683 alicujus
1085 1637 1152 1684 qui
1186 1646 1267 1674 non
1288 1640 1398 1674 curat
1418 1646 1464 1673 ea
1485 1636 1572 1674 sine
1591 1636 1736 1683 quibus

117 1692 164 1720 ea
184 1693 269 1730 quae
290 1688 401 1721 curat
421 1693 508 1720 esse
542 1692 623 1721 non
650 1688 818 1730 possunt
839 1696 847 1720 ε
869 1687 1026 1721 00115131
1057 1688 1202 1729 autem,
1225 1683 1344 1731 quod,
1370 1684 1405 1721 si
1433 1684 1568 1720 omnia
1589 1683 1736 1721 defice·

116 1734 205 1767 rent
224 1731 489 1776 particularia,
512 1730 754 1768 universalia
786 1740 990 1768 remanere
1022 1740 1103 1768 non
1122 1736 1300 1777 possent.
1322 1730 1361 1768 Si
1382 1730 1504 1777 igitur
1522 1732 1626 1768 Deus
1647 1731 1735 1768 uni-

116 1778 287 1815 versalia
305 1781 458 1814 tantum
487 1781 612 1822 curat,
632 1778 853 1824 singularia
882 1787 974 1814 vero
998 1778 1075 1816 ista
1095 1778 1259 1815 omnino
1290 1777 1540 1824 derelinquit,
1561 1778 1681 1815 stulta
1698 1782 1736 1814 et

115 1823 347 1869 imperfecta
368 1825 441 1861 erit
460 1824 546 1870 ejus
563 1825 823 1870 providentia.

163 1871 202 1908 Si
234 1875 364 1907 autem
398 1871 501 1907 dicat
533 1871 692 1918 aliquis,
710 1872 815 1918 quod
848 1871 988 1908 horum
1021 1871 1286 1918 singularium
1317 1872 1421 1908 Deus
1450 1880 1585 1908 curam
1618 1871 1734 1908 habet

116 1926 246 1964 usque
267 1917 315 1954 ad
336 1917 425 1961 1100,
448 1917 555 1964 quod
587 1922 871 1955 conserventur
892 1919 933 1954 in
965 1926 1067 1959 esse,
1090 1926 1172 1955 non
1202 1921 1334 1955 autem
1360 1922 1549 1965 quantum
1572 1917 1619 1954 ad
1640 1919 1732 1964 alia,

116 1964 194 2002 1100
209 1964 374 2002 0111111110
404 1973 493 2001 0550
513 1973 595 2001 11011
629 1968 771 2010 potest.
791 1967 888 2002 Nam
909 1965 1044 2002 omnia
1061 1964 1139 2001 alia
1158 1973 1245 2011 quae
1269 1964 1374 2002 circa
1393 1964 1612 2011 singularia
1631 1966 1733 2002 acci-

117 2011 216 2049 dunt
243 2010 292 2048 ad
330 2020 467 2048 eorum
502 2012 844 2049 conservationem
874 2012 935 2048 vel
967 2011 1259 2057 corruptionem
1292 2011 1527 2048 ordinamur
1549 2023 1556 2048 :
1581 2012 1611 2049 si
1639 2021 1732 2058 ergo

117 2059 222 2095 Deus
245 2058 361 2095 habet
376 2067 509 2095 curam
525 2058 789 2105 singularium
802 2063 992 2106 quantum
1007 2059 1056 2097 ad
1081 2067 1219 2098 eorum
1240 2059 1596 2103 conservationem,
1617 2059 1734 2096 habet

117 2105 234 2142 etiam
255 2115 389 2142 curam
411 2105 589 2142 omnium
607 2106 936 2152 contingentium.

163 2154 298 2189 Potest
331 2156 462 2189 autem
496 2152 642 2199 aliquis
671 2152 814 2197 dicere,
830 2152 934 2200 quod
968 2152 1056 2191 sola
1082 2163 1178 2192 cura
1206 2152 1492 2191 universaIIum
1515 2153 1664 2191 suflicit
1684 2154 1733 2192 ad

114 2199 412 2246 particularium
436 2200 777 2237 conservationem
791 2200 832 2236 in
852 2209 955 2237 esse.
978 2201 1141 2238 Provisa
1159 2204 1253 2238 sunt
1272 2200 1378 2238 enim
1398 2200 1563 2238 cuilibet
1582 2201 1731 2247 speciei

117 2255 164 2299 ea
182 2256 251 2292 per
270 2255 356 2293 quae
378 2246 581 2299 quodlibet
600 2246 847 2299 individuum
866 2247 1012 2293 speciei
1031 2247 1139 2285 illius
1159 2250 1289 2294 potest
1315 2248 1542 2285 conservari
1563 2247 1603 2284 in
1628 2257 1730 2290 esse,

116 2296 220 2330 sicut
240 2293 330 2331 data
349 2296 443 2330 sunt
465 2293 706 2331 animalibus
735 2303 885 2341 organa
905 2294 953 2331 ad
985 2294 1116 2332 cibum
1137 2294 1376 2332 sumendum
1397 2298 1435 2332 et
1454 2294 1730 2340 digerendum,

116 2343 154 2392 et
173 2349 322 2393 cornua
347 2340 396 2377 ad
417 2341 703 2387 protegendum
725 2350 781 2379 se.
806 2341 999 2379 Utilitates
1020 2345 1151 2379 31110111
1172 2342 1314 2379 horum
1335 2351 1417 2379 non
1444 2341 1631 2379 deficiunt
1651 2342 1732 2379 nisi

115 2396 157 2423 1n
176 2396 320 2425 minori
347 2392 469 2433 parte,
489 2397 578 2425 cum
599 2398 645 2426 03
665 2398 752 2435 quae
781 2393 874 2426 sunt
893 2399 916 2427 a
938 2393 1078 2427 natura
1108 2389 1329 2436 producant
1348 2388 1512 2426 effectus
1535 2398 1646 2434 suos,
1668 2388 1730 2426 vel

116 2442 284 2486 semper,
305 2435 366 2470 vel
386 2435 635 2482 frequentem
658 2440 695 2472 et
712 2436 770 2473 sic
792 2445 873 2474 non
893 2441 1063 2483 possunt
1084 2436 1220 2474 omnia
1238 2436 1442 2474 individua
1459 2435 1640 2480 deficere,
1656 2435 1730 2472 etsi

115 2481 276 2528 aliquod
295 2480 462 2519 deficiat.
481 2482 556 2519 Sed
588 2483 806 2521 secundum
829 2484 931 2521 lianc
963 2484 1171 2528 rationem,
1191 2483 1327 2521 omnia
1343 2493 1430 2530 quae
1450 2483 1556 2521 circa
1588 2482 1730 2519 indivi-

115 2527 193 2564 dua
220 2528 470 2576 contingunt,
489 2530 746 2576 providentiae
781 2530 1054 2578 subjacebunt,
1076 2531 1180 2568 sicut
1197 2534 1235 2567 et
1255 2530 1503 2568 conservatio
1531 2538 1667 2566 eorum
1688 2528 1730 2564 in

114 2583 228 2620 esse;
251 2575 345 2622 quia
374 2576 480 2614 circa
507 2576 728 2625 singularia
759 2578 928 2625 alicujus
956 2578 1102 2625 speciei
1135 2578 1236 2616 nihil
1256 2581 1385 2624 potest
1412 2574 1730 2628 acci-deraquod

112 2628 195 2672 non
214 2623 425 2661 reducatur
443 2623 577 2672 aliquo
612 2624 731 2663 modo
752 2625 801 2662 ad
829 2625 1024 2672 principia
1042 2625 1152 2663 illius
1171 2624 1334 2671 speciei.
1354 2624 1418 2662 Sic
1449 2623 1569 2670 igitur
1588 2630 1729 2673 singu-

111 2665 210 2704 laria
228 2677 311 2719 non
339 2670 468 2717 magis
496 2671 702 2718 subjacent
733 2672 875 2710 divinae
896 2672 1152 2719 providentiae
1176 2674 1370 2720 quantum
1390 2670 1440 2708 ad
1459 2673 1728 2708 conservatio-

111 2722 204 2751 nem
224 2723 266 2750 1n
285 2723 388 2760 esse,
410 2727 528 2764 quam
544 2723 736 2765 quantum
755 2719 803 2756 ad
822 2719 912 2757 alia.

159 2762 346 2814 Praeterea,
369 2762 411 2799 in
449 2766 744 2811 comparatione
781 2775 912 2804 rerum
946 2765 994 2803 ad
1029 2765 1148 2804 finem
1174 2765 1266 2803 talis
1297 2764 1395 2802 ordo
1427 2766 1600 2809 apparet,
1621 2763 1729 2815 quod

113 2807 333 2845 accidentia
352 2812 446 2861 sunt
463 2816 622 2857 propter
642 2813 901 2854 substantias,
924 2817 967 2850 ut
982 2822 1051 2860 per
1070 2822 1118 2850 03
1139 2811 1405 2859 perficiantur.
1426 2811 1469 2846 ln
1491 2808 1730 2847 substantiis

110 2863 204 2891 vero
224 2858 389 2893 materia
407 2860 469 2893 051
487 2862 645 2904 propter
664 2860 844 2897 sormam.
862 2862 935 2898 Per
952 2861 1055 2897 lianc
1074 2859 1181 2897 enim
1201 2857 1409 2906 participat
1428 2856 1602 2893 divinam
1616 2856 1731 2894 boni·

110 2904 245 2948 tatem,
266 2906 426 2950 propter
453 2912 573 2952 quam
609 2906 745 2945 omnia
764 2907 868 2946 facta
888 2910 995 2952 sunt,
1014 2909 1198 2952 utsupra
1216 2909 1422 2944 ostensum
1453 2906 1512 2941 est
1533 2902 1634 2951 (cap.
1654 2903 1728 2950 18).
