1894 3223
147 118 216 153 498
755 111 844 147 LlB.
871 111 932 154 lV,
959 111 1061 147 CAP.
1089 111 1166 147 vll.

149 198 254 234 ditur
269 195 441 241 perfecta
460 202 550 230 esse
571 193 720 238 imago,
738 191 866 237 ipsam
887 191 956 228 Dei
983 191 1248 240 substantiam
1279 195 1587 238 repraesentanS,
1609 191 1768 229 dicente

149 242 336 288 Apostolo
356 253 365 276 2
389 241 503 283 Quum
533 240 582 275 sit
612 239 782 284 splendor
808 239 944 282 9lorz'ae‚
967 241 1001 273 et
1017 240 1138 284 figura
1152 239 1364 276 substantiae
1382 239 1474 284 ejus.
1510 238 1648 286 (Hebr.‚
1669 248 1698 284 1,
1717 239 1771 285 3.)

149 292 232 326 Non
256 291 313 323 cst
329 287 450 332 igitur
471 285 594 322 Filius
615 285 684 322 Dei
706 289 899 322 creatura.

194 337 382 373 Pra’tcretz,
407 333 505 369 nihil
527 332 632 379 quod
664 336 724 369 est
748 332 789 368 in
822 332 955 378 aliquo
985 340 1130 378 genere
1149 335 1211 369 est
1229 332 1469 370 universalis
1487 341 1609 370 causa
1630 340 1769 369 eorum

149 391 235 428 quee
271 384 364 416 sunt
393 380 433 415 in
459 388 603 425 genere
625 379 720 423 illo;
743 379 847 415 sicut
868 378 1107 416 universalis
1128 388 1251 416 causa
1269 378 1476 416 hominum
1498 389 1579 416 non
1600 383 1662 416 est
1698 379 1770 415 ali-

148 428 239 474 quis
270 427 405 469 homo,
439 426 537 462 nihil
555 426 660 462 enim
688 426 882 471 suiipsius
903 429 962 461 est
982 435 1103 462 causa
1119 453 1128 469 ,
1156 425 1224 462 sed
1247 425 1322 468 sol,
1341 427 1407 473 qui
1433 430 1493 463 est
1513 431 1622 463 extra
1642 435 1771 473 genus

148 475 382 514 humanum.
401 476 461 509 est
481 473 720 509 universalis
741 481 864 509 causa
879 473 1150 519 generationis
1171 473 1369 516 humanae,
1388 476 1427 509 et
1451 473 1620 510 ulterius
1641 475 1764 509 Deus.

149 522 274 557 Filius
296 525 424 556 autem
446 523 504 556 est
527 519 766 556 universalis
784 528 906 556 causa
926 524 1194 556 creaturarum
1208 547 1217 564 ,
1240 519 1384 556 dicitur
1404 520 1509 556 enim
1529 531 1539 555 ε
1558 520 1690 556 Omnia
1703 530 1775 565 per

148 570 266 613 ipsum
286 569 385 611 faeta
407 570 491 602 sunt
509 566 670 612 (Joann.,
690 576 718 610 I,
739 566 773 612 3)
789 578 797 610 3
811 570 848 603 et
869 566 961 602 dicit
976 566 1177 612 Sapientia
1194 566 1328 613 genita
1345 577 1353 602 :
1370 566 1456 603 Cum
1475 577 1512 602 eo
1532 577 1630 610 eram
1642 569 1774 602 cuncta

149 624 358 660 componens
384 614 516 654 (Pron,
539 622 627 656 VIII,
645 613 717 660 30)‚·
755 617 793 649 et
822 613 1038 659 Apostolus
1071 613 1166 650 dicit
1188 614 1260 650 :In
1296 614 1374 658 ipso
1399 613 1546 648 condita
1578 616 1662 649 sunt
1691 615 1773 648 uni·

148 672 252 696 versa
274 663 312 695 in
332 662 440 704 ecelis,
462 664 496 695 et
516 662 555 695 in
574 663 685 695 terra.
707 660 866 707 (Coloss.,
888 670 916 705 1,
940 659 1012 706 16.)
1031 661 1119 706 Ipse
1141 660 1263 707 igitur
1277 669 1357 696 non
1377 663 1438 696 est
1454 661 1499 696 de
1512 669 1656 707 genere
1668 669 1773 697 crea-

150 712 342 744 turaruni.

197 757 297 798 Item,
320 765 367 790 ex
388 754 562 792 ostensis
582 754 624 790 in
645 754 822 791 secundo
850 754 951 791 libro
972 754 1229 791 manifestum
1249 757 1309 790 est
1355 754 1434 791 uod
1456 753 1690 791 substantiae
1709 754 1773 791 in-

152 810 366 847 corporeae,
390 811 488 848 quas
523 801 688 848 angelos
715 801 900 845 dicimus,
928 810 1009 837 non
1028 805 1177 847 posunt
1195 801 1309 837 aliter
1342 802 1412 837 ieri
1433 810 1552 847 quam
1573 810 1644 846 per
1663 810 1772 838 crea-

150 849 300 885 tionem
319 877 327 893 ,
359 853 396 884 et
430 849 546 885 etiam
578 852 784 885 ostensum
804 853 864 885 est
885 848 989 895 quod
1012 848 1122 885 nulla
1142 847 1366 884 substantia
1385 851 1517 894 potest
1533 856 1681 892 creare,
1702 847 1774 885 sed

152 896 266 933 solus
288 898 405 932 Deus.
429 896 502 932 Sed
524 895 591 931 Dei
612 896 732 932 Filius
754 899 813 932 est
831 905 952 932 causa
974 895 1222 941 angelorum,
1245 904 1315 931 eos
1347 895 1388 931 in
1409 904 1498 932 esse
1516 894 1742 940 producens
1761 906 1774 939 ;

152 943 248 979 dicit
275 943 380 978 enim
418 943 632 988 Apostolus
656 952 663 976 :
693 943 775 978 Sive
805 943 941 986 throni,
961 944 1035 977 sive
1054 942 1326 985 dominationes,
1343 943 1417 978 sive
1428 943 1676 987 principatus.
1700 943 1775 978 sive

148 993 354 1036 potestates,
378 992 498 1024 omnia
514 1000 580 1035 per
600 991 718 1034 ipsum
736 992 769 1024 et
786 991 825 1025 in
844 991 924 1035 ipso
937 992 1059 1024 creata
1077 992 1175 1024 sunt.
1199 988 1359 1035 (Coloss.,
1387 998 1415 1034 I,
1446 988 1516 1036 16).
1533 990 1621 1035 Ipse
1651 988 1776 1035 igitur

154 1037 278 1073 Filius
298 1046 378 1073 non
401 1040 458 1073 est
477 1041 670 1073 creatura.

200 1086 391 1127 Praeterea,
413 1093 502 1120 cum
535 1084 694 1129 propria
725 1084 828 1120 actio
860 1083 1072 1129 cujuslibet
1101 1083 1157 1120 rei
1192 1086 1382 1130 sequatur
1412 1087 1594 1120 naturam
1627 1083 1772 1130 ipsius,

154 1131 253 1167 nulli
277 1131 464 1175 competit
484 1132 643 1176 propria
664 1131 767 1167 actio
786 1131 953 1176 alicujus
970 1130 1025 1166 rei
1043 1131 1204 1176 quinon
1218 1130 1404 1176 competit
1419 1130 1527 1167 illius
1544 1131 1600 1166 rei
1615 1134 1771 1175 natura,

155 1178 260 1224 quod
282 1179 384 1213 enim
409 1186 488 1214 non
505 1177 623 1214 habet
643 1177 854 1213 humanam
878 1177 1065 1222 speciem,
1085 1186 1158 1213 nec
1177 1178 1371 1213 actionem
1398 1177 1611 1214 humanam
1625 1177 1772 1214 habere

153 1229 297 1270 potest.
323 1225 494 1269 Propriae
512 1228 642 1260 autem
663 1225 841 1260 actiones
864 1224 931 1260 Dei
952 1224 1195 1260 conventunt
1218 1224 1329 1268 Filio,
1352 1224 1455 1260 sicut
1475 1234 1622 1268 creare,
1638 1224 1772 1270 utjam

155 1276 362 1308 ostensum
383 1275 454 1315 est,
474 1271 677 1307 continere
696 1275 731 1307 et
751 1280 987 1307 conservare
1009 1271 1144 1307 omnia
1160 1271 1202 1306 in
1223 1279 1326 1314 esse,
1349 1274 1386 1307 et
1405 1275 1565 1316 peccata
1585 1281 1773 1318 purgare,

155 1318 260 1364 quod
281 1321 340 1354 est
364 1318 564 1362 proprium
587 1319 714 1363 ipsius
734 1318 815 1360 Dei,
836 1322 877 1354 ut
899 1328 946 1354 ex
963 1317 1236 1363 superioribus
1255 1321 1382 1363 patet,
1407 1318 1550 1354 dicitur
1570 1322 1700 1355 autem
1723 1318 1770 1355 de

156 1365 255 1401 Filio
277 1367 396 1399 onznia
414 1367 451 1399 in
472 1367 549 1409 ipso
570 1368 732 1400 constant
748 1365 868 1409 (ibim,
893 1365 963 1410 17),
983 1368 1019 1400 et
1040 1364 1184 1400 dicitur
1211 1376 1219 1400 :
1253 1366 1406 1399 Portnns
1427 1367 1548 1399 omnia
1572 1366 1677 1400 verbo
1695 1367 1772 1400 vir-

155 1414 244 1446 tutis
263 1422 348 1447 suge.
367 1414 621 1456 purgationem
635 1415 862 1456 peccatorum
882 1413 1035 1454 faciens.
1059 1411 1195 1457 (Helm,
1217 1420 1244 1454 I,
1267 1410 1316 1456 3.)
1340 1411 1461 1448 Filius
1482 1411 1604 1457 Igitur
1623 1412 1691 1449 Dei
1713 1415 1773 1449 est

155 1463 306 1494 naturae
327 1459 483 1500 divinze,
506 1462 543 1493 et
561 1467 639 1493 non
663 1462 722 1494 est
742 1462 934 1494 creatura.

203 1506 292 1546 Sed,
315 1505 408 1551 quia
427 1509 564 1550 posset
580 1505 749 1541 Arianus
770 1505 897 1541 dicere
914 1505 1018 1551 quod
1040 1504 1252 1541 hoc'Filius
1270 1504 1363 1540 facit
1378 1508 1657 1552 nontanquam
1669 1506 1776 1551 prin·

156 1552 282 1598 cipale
303 1561 439 1598 agens,
462 1552 532 1588 sed
552 1552 654 1588 sicut
675 1553 983 1588 instrumentum
1002 1552 1233 1598 principalis
1254 1552 1422 1597 agentis,
1445 1552 1551 1598 quod
1581 1562 1651 1598 per
1682 1561 1774 1598 pro-

154 1599 280 1645 priam
302 1600 482 1635 virtutem
523 1607 604 1635 non
639 1599 733 1645 agit,
764 1599 833 1635 sed
875 1599 1006 1636 solum
1040 1603 1109 1644 per
1136 1599 1318 1635 virtutem
1341 1599 1572 1644 principalis
1601 1599 1771 1646 agentis,

155 1647 259 1683 hanc
294 1646 532 1691 positionem
554 1647 746 1683 Dominus
767 1646 953 1690 excludit,
976 1646 1113 1683 dicens
1136 1658 1144 1682 :
1171 1646 1406 1691 Quaecumque
1427 1648 1521 1681 enim
1539 1648 1678 1690 fecerit,
1700 1646 1775 1682 haec

154 1696 188 1729 et
206 1694 320 1728 Filius
341 1694 508 1728 similiter
526 1694 632 1736 facit.
653 1693 810 1737 (Joonn.,
830 1702 872 1738 v,
897 1692 969 1739 19.)
991 1693 1099 1730 Sicut
1120 1693 1243 1738 igitur
1263 1694 1377 1730 Pater
1394 1702 1464 1739 per
1479 1702 1522 1730 se
1537 1697 1722 1740 operatur
1735 1697 1774 1730 et

154 1741 315 1787 propria
337 1740 489 1784 vii-tute,
512 1740 567 1776 ita
586 1744 624 1776 et
643 1740 780 1776 Filius.

204 1787 373 1823 L'lterius
395 1788 511 1823 etiam
531 1797 577 1823 ex
597 1787 673 1824 hoc
691 1787 812 1824 verbo
835 1786 1087 1824 concluditur
1107 1787 1212 1834 quod
1234 1787 1286 1823 sit
1304 1787 1440 1824 eadem
1454 1787 1579 1824 virtus
1595 1792 1774 1834 etpotes-

154 1837 217 1871 tas
240 1835 324 1869 Filii
356 1837 392 1869 et
419 1835 559 1871 Patris.
579 1836 666 1871 Non
687 1835 816 1871 solum
839 1835 945 1870 enim
967 1834 1061 1870 dicit
1085 1834 1190 1881 quod
1211 1834 1335 1871 Filius
1369 1834 1554 1871 similiter
1586 1838 1773 1881 operatur

158 1881 262 1918 sicut
294 1885 330 1916 et
360 1883 486 1924 Pater,
508 1881 578 1918 sed
603 1881 709 1928 quod
731 1881 868 1918 eadem
883 1883 921 1917 et
939 1881 1135 1917 similiter.
1155 1881 1261 1917 Idem
1281 1884 1411 1917 autem
1433 1890 1513 1917 non
1531 1885 1662 1927 potest
1681 1890 1773 1919 esse

157 1931 360 1973 operatum
394 1928 530 1964 eodem
553 1928 672 1964 modo
694 1937 717 1964 a
737 1928 893 1964 duobus
914 1927 1139 1974 agentibus,
1160 1927 1238 1964 nisi
1261 1927 1523 1971 dissimiliter,
1542 1928 1646 1965 sicut
1666 1928 1772 1966 idem

154 1973 199 2011 fit
231 1984 252 2010 a
284 1974 490 2019 principali
513 1978 653 2021 agente
668 1978 705 2010 et
725 1975 1004 2018 instrumento,
1027 1974 1088 2010 vel
1108 1974 1302 2017 similiter,
1323 1978 1360 2010 et
1377 1978 1471 2011 tunc
1490 1979 1645 2020 oportet
1665 1975 1772 2022 quod

156 2021 395 2058 conveniant
415 2023 457 2056 in
478 2030 558 2057 una
576 2022 718 2058 virtute
735 2033 744 2065 ;
766 2031 854 2068 quae
871 2021 1029 2068 quidem
1048 2021 1171 2057 virtus
1190 2021 1426 2067 quandoque
1442 2026 1707 2069 congregatur
1725 2032 1773 2059 ex

156 2067 324 2104 diversis
359 2068 570 2105 virtutibus
598 2068 639 2105 in
672 2068 840 2105 diversis
873 2068 1083 2114 agentibus
1116 2068 1302 2112 inventis,
1325 2068 1429 2105 sicut
1449 2072 1554 2114 patet
1571 2069 1613 2105 in
1634 2070 1771 2107 multis

155 2114 405 2151 trahentibus
427 2124 564 2151 navem
585 2127 594 2160 ;
628 2124 769 2152 omnes
802 2116 908 2152 enim
930 2115 1114 2152 similiter
1130 2115 1306 2159 trabunt,
1329 2119 1367 2151 et
1386 2116 1480 2162 quia
1495 2115 1620 2153 virtus
1639 2116 1772 2162 cujus·

156 2161 251 2198 libet
273 2161 502 2207 imperfecta
523 2166 636 2199 estet
654 2161 908 2199 insufficiens
930 2162 979 2198 ad
999 2162 1119 2198 istum
1145 2161 1342 2207 effectum,
1365 2171 1412 2198 ex
1433 2162 1601 2200 diversis
1617 2163 1768 2200 virtuti*

155 2209 232 2245 bus
260 2213 525 2255 congregatur
550 2218 629 2246 una
644 2209 770 2246 virtus
792 2210 985 2254 omnium,
1008 2219 1095 2256 quae
1116 2208 1264 2246 sufficit
1285 2209 1333 2246 ad
1353 2209 1590 2246 trahendum
1616 2219 1769 2247 navem.

157 2256 238 2292 Hoc
274 2260 402 2291 autem
427 2264 508 2292 non
541 2260 671 2302 potest
691 2256 768 2293 dici
784 2256 825 2293 in
844 2259 956 2293 Patre
984 2260 1021 2292 et
1041 2256 1154 2301 Filio,
1177 2256 1303 2293 virtus
1321 2257 1425 2293 enim
1450 2257 1516 2293 Dei
1540 2257 1666 2294 Patris
1688 2267 1771 2294 non

156 2307 217 2339 est
250 2302 492 2348 imperfecta,
528 2303 599 2340 sed
626 2302 795 2349 infinita,
823 2306 865 2340 ut
897 2306 1101 2340 ostensum
1125 2306 1186 2340 est
1206 2303 1246 2349 (l.
1270 2305 1298 2347 l,
1320 2313 1354 2340 c.
1375 2303 1450 2347 43).
1473 2305 1633 2349 Oportet
1652 2305 1773 2352 igitur

156 2349 262 2396 quod
284 2349 419 2385 cadem
441 2359 607 2387 numero
624 2350 676 2387 sit
693 2350 817 2388 virtus
838 2351 965 2387 Patris
983 2354 1022 2387 et
1041 2350 1141 2387 Filii.
1163 2352 1206 2386 Et
1226 2360 1347 2397 quum
1359 2351 1485 2388 virtus
1503 2355 1693 2398 sequatur
1707 2361 1774 2388 na-

153 2399 283 2432 turam
314 2397 384 2440 rei,
420 2401 574 2442 oportet
605 2397 712 2444 quod
744 2398 880 2435 eadem
914 2407 1081 2434 numero
1101 2397 1153 2434 sit
1171 2401 1316 2434 natura
1336 2401 1374 2434 et
1393 2399 1569 2435 essentia
1589 2398 1715 2436 Patris
1736 2401 1775 2435 et

155 2444 258 2479 Filii.
279 2444 390 2487 Quod
412 2445 529 2480 etiam
549 2453 596 2481 ex
614 2445 930 2490 praecedentibus
950 2444 1136 2481 concludi
1155 2448 1310 2490 potest,
1331 2454 1439 2490 nam,
1458 2445 1491 2482 si
1510 2445 1552 2481 in
1587 2445 1685 2482 Filio
1713 2449 1774 2482 est

155 2494 297 2526 natura
315 2491 462 2534 divina,
481 2495 521 2527 ut
535 2491 807 2537 multiplieiter
831 2496 1039 2529 ostensum
1060 2494 1132 2532 est,
1152 2500 1243 2528 cum
1263 2495 1405 2529 natura
1429 2492 1560 2528 divina
1582 2492 1773 2538 multipli-

156 2538 235 2588 cari
257 2546 336 2573 non
358 2538 500 2584 possit,
518 2542 560 2575 ut
579 2542 786 2576 ostensum
806 2543 867 2575 est
887 2539 927 2586 (l.
949 2549 978 2583 1,
999 2548 1033 2575 c.
1053 2539 1127 2585 42),
1150 2538 1330 2585 sequitur
1347 2539 1394 2576 de
1414 2539 1652 2576 necessitate
1665 2537 1771 2586 quod

156 2588 206 2620 sit
234 2585 370 2621 eadem
392 2594 557 2622 numero
578 2589 717 2623 natura
739 2589 777 2622 et
791 2587 966 2623 essentia
982 2586 1024 2621 in
1042 2587 1154 2622 Patre
1175 2589 1214 2621 et
1234 2585 1346 2623 Filio.

202 2632 301 2681 Item,
324 2632 464 2668 ultima
490 2635 627 2670 nostra
649 2633 851 2670 beatitudo
885 2634 927 2669 in
948 2633 1036 2669 solo
1056 2634 1134 2669 Deo
1156 2636 1229 2676 est,
1249 2632 1291 2669 in
1314 2642 1394 2680 quo
1428 2633 1545 2670 etiam
1566 2633 1654 2670 solo
1678 2640 1770 2677 spes

155 2675 331 2714 hominis
354 2679 468 2715 debet
486 2680 581 2724 poni
602 2684 640 2716 et
657 2680 721 2716 cui
740 2680 816 2717 soli
835 2683 895 2717 est
914 2680 1044 2717 honor
1062 2679 1187 2716 latriae
1206 2679 1466 2723 exhibendus,
1489 2684 1531 2716 ut
1556 2683 1616 2715 est
1626 2682 1770 2715 'osten-

155 2730 245 2759 sum
269 2724 308 2768 (l.
330 2734 388 2768 111,
411 2735 444 2761 c.
470 2727 565 2772 120).
596 2727 802 2764 Beatitudo
829 2731 959 2764 autern
981 2729 1119 2763 nostra
1136 2726 1178 2762 in
1197 2727 1266 2763 Dei
1287 2727 1386 2764 Filio
1409 2730 1494 2770 est3
1517 2725 1611 2761 dicit
1631 2725 1735 2761 enim
1760 2735 1769 2759 ε

154 2769 236 2804 Haec
256 2774 307 2804 cst
323 2773 399 2805 ”cita
416 2775 562 2814 aetema,
582 2776 623 2808 ut
642 2777 855 2818 cognoscant
873 2777 919 2818 te,
941 2774 1094 2811 scilicet
1112 2775 1310 2810 Patrem...
1331 2777 1366 2809 et
1384 2783 1486 2818 quem
1501 2773 1634 2807 misisti
1651 2773 1771 2807 Jesum

156 2816 350 2852 Christum.
384 2818 539 2864 (Joann.,
572 2828 671 2863 XVII,
701 2820 762 2867 3);
784 2827 823 2857 et
854 2821 998 2857 dicitur
1018 2820 1065 2857 de
1093 2820 1191 2857 Filio
1215 2820 1320 2867 quod
1340 2823 1393 2855 est
1409 2828 1513 2854 verus
1532 2820 1624 2854 Deus
1643 2822 1677 2854 et
1693 2821 1771 2854 vita

154 2865 302 2898 aeterna·
324 2863 358 2911 (Ι
372 2865 516 2906 Joann„
537 2874 579 2911 V,
600 2867 675 2913 20.)
697 2868 852 2904 Certum
873 2870 934 2905 est
960 2870 1090 2905 autem
1108 2867 1270 2904 nomine
1296 2867 1384 2903 vitae
1403 2868 1558 2902 aeternae
1579 2865 1620 2902 in
1641 2866 1770 2913 Serip-

1875 95 1891 114 ,.
1851 0 1884 80 :cd
