1894 3223
175 129 219 164 53
788 121 875 156 LIB.
903 122 931 165 1,
961 120 1060 156 CAP.
1089 119 1186 155 LXV.

174 207 465 254 praedictorum,
488 208 529 241 111
549 213 595 240 ea
616 212 702 248 quae
723 205 816 238 sunt
834 200 988 237 veritati
1021 198 1218 237 contraria
1251 196 1505 248 repellantur.
1528 195 1660 231 Primo
1694 204 1789 241 ergo

176 254 432 291 ostendemus
468 251 572 297 quod
605 249 763 285 divinus
796 248 1022 284 intellectus
1057 245 1278 292 singularia
1315 245 1534 288 cognoscit.
1586 242 1785 293 'Secund-o,

176 301 279 347 quod
302 299 507 345 cognoscit
523 307 568 332 ea
587 305 673 341 quae
693 304 773 331 non
795 298 888 331 sunt
909 295 950 330 in
972 297 1073 330 actu.
1104 293 1245 336 Tertio,
1283 290 1387 337 quod
1410 292 1619 341 cognoscit
1641 292 1791 324 contin-

176 347 309 393 gentia
330 347 459 381 futura
478 342 675 379 infallibili
697 342 940 387 cognitione.
963 342 1123 384 Quarto,
1145 339 1249 385 quod
1269 340 1478 383 cognoscit
1499 338 1630 387 motus
1651 335 1790 386 volun-

175 394 281 430 tatis.
304 392 459 435 Quinte,
496 388 600 435 quod
630 388 838 434 cognoscit
865 387 1032 423 infinita.
1065 388 1192 429 Sexto,
1227 385 1332 436 quod
1368 386 1577 429 cognoscit
1600 382 1793 433 ‘quaelibet

169 440 269 476 -vilia
290 444 326 474 et
345 438 508 473 minima
525 436 566 471 in
585 435 755 471 entibus.
778 435 965 480 Septimo,
986 433 1090 481 quod
1111 434 1320 478 cognoscit
1339 430 1444 467 mala
1479 433 1517 466 et
1549 433 1792 474 privationes

177 486 372 532 quaslibet
393 483 451 519 vel
472 482 665 519 defectus.

825 591 992 631 CAPUT
1027 591 1140 631 LXV.

609 703 709 736 QUOD
734 702 830 731 DEUS
858 701 1090 730 SINGULARIA
1116 702 1352 731 GOGNOSGAT.

225 807 356 843 Primo
377 809 498 852 igitur
517 804 774 841 ostendamus
795 804 899 850 quod
928 804 1193 850 singularium
1225 804 1402 849 cognitio
1435 806 1514 841 Deo
1550 813 1630 840 11011
1666 809 1798 849 potest

179 855 331 891 deesse.
354 854 564 889 Ostensum
587 852 691 888 enim
712 854 770 887 est
789 860 908 896 supra
930 850 1028 896 (cap.
1055 851 1113 896 49)
1135 851 1240 897 quod
1272 853 1376 888 Deus
1412 852 1621 897 cognoscit
1643 851 1720 888 alia
1754 852 1796 888 in

178 905 368 948 quantum
390 903 449 935 est
469 908 589 935 causa
609 898 680 934 eis.
707 897 875 934 Effectus
897 902 1026 933 autem
1061 898 1182 933 divini
1216 902 1309 934 sunt
1346 907 1409 934 res
1442 898 1694 944 singulares;
1719 898 1795 935 1100

179 948 285 984 0111111
307 946 424 982 modo
445 948 545 981 Deus
568 949 705 981 causat
727 954 789 980 res
811 945 849 980 in
873 948 1063 990 quantum
1084 945 1176 980 facit
1196 954 1263 981 eas
1286 954 1375 981 esse
1396 945 1435 980 in
1457 949 1559 981 actu.
1587 945 1792 982 Universa-

178 995 233 1031 lia
253 997 383 1030 autem
406 1001 483 1028 non
507 996 600 1029 sunt
620 1001 684 1028 res
717 991 996 1033 subsistentes,
1020 991 1088 1027 sed
1122 991 1266 1027 liabent
1287 1001 1374 1028 esse
1393 992 1523 1028 solum
1553 991 1592 1027 in
1617 992 1796 1038 singula-

178 1041 304 1085 ribus,
334 1044 376 1076 ut
397 1040 584 1085 probatur
605 1039 645 1074 in
667 1039 836 1083 septimo
856 1039 1014 1082 Mctaplt.
1038 1038 1143 1084 (text.
1166 1047 1309 1074 comm.
1344 1038 1417 1084 51).
1455 1040 1558 1074 Deus
1590 1039 1708 1083 igitur
1733 1047 1796 1075 co-

180 1088 340 1134 gnoscit
358 1096 420 1122 res
439 1086 537 1122 alias
557 1096 580 1122 a
600 1095 656 1128 se,
675 1094 755 1121 non
780 1086 908 1122 solum
930 1086 969 1120 iii
990 1085 1218 1129 universali,
1241 1085 1310 1121 sed
1331 1085 1447 1121 etiam
1471 1085 1510 1120 in
1533 1085 1742 1131 singulari.

225 1136 326 1174 Item,
350 1133 521 1178 cognitis
557 1132 763 1178 principiis
794 1142 841 1168 ex
873 1132 1017 1177 quibus
1047 1132 1302 1168 constituitur
1327 1132 1502 1168 essentia
1531 1132 1600 1175 rei,
1633 1141 1797 1168 necesse

182 1185 242 1218 est
264 1190 346 1217 rem
367 1180 476 1215 illam
505 1180 720 1225 cognosci;
743 1179 847 1215 sicut
878 1179 1038 1224 cognita
1074 1179 1207 1214 anima
1242 1178 1426 1215 rationali
1461 1182 1498 1214 et
1524 1188 1688 1223 corpore
1711 1179 1796 1222 tali,

181 1227 437 1274 cognoscitur
474 1227 606 1262 homo.
645 1226 867 1271 Singularis
906 1230 1035 1261 autem
1075 1226 1115 1261 in
1150 1235 1223 1262 sua
1257 1225 1431 1262 essentia
1465 1225 1721 1261 constituitur
1751 1235 1799 1261 ex

180 1274 346 1311 materia
365 1273 572 1319 designata
592 1276 629 1308 et
654 1273 781 1309 forma
808 1272 1076 1316 individuata3
1109 1272 1212 1308 sicut
1241 1273 1414 1308 Socratis
1433 1272 1609 1308 essentia
1642 1282 1688 1308 ex
1717 1272 1795 1309 hoc

182 1330 345 1366 corpore
367 1324 404 1356 et
426 1321 497 1356 liac
516 1320 660 1361 anima,
685 1323 725 1354 ut
746 1319 861 1355 etiam
884 1319 1058 1355 essentia
1078 1319 1253 1355 hominis
1274 1319 1512 1355 universalis
1543 1329 1590 1355 ex
1608 1319 1742 1355 anima
1760 1322 1798 1355 et

183 1377 361 1413 corpore,
382 1371 422 1402 ut
446 1371 548 1411 patet
568 1367 608 1402 in
627 1367 795 1411 septimo
816 1366 974 1410 Metapa.
999 1366 1105 1411 (text.
1128 1375 1228 1402 com.
1258 1365 1331 1411 34).
1357 1366 1461 1402 Unde
1494 1366 1598 1402 sicut
1630 1366 1713 1402 haec
1735 1375 1798 1402 ca-

182 1415 278 1451 dunt
301 1415 338 1449 in
361 1413 590 1459 *definitione
627 1413 802 1449 hominis
832 1412 1083 1456 universalis,
1113 1412 1166 1448 ita
1186 1412 1255 1448 illa
1286 1412 1468 1448 caderent
1501 1413 1541 1448 in
1569 1412 1799 1449 definitione

183 1462 371 1504 Socratis,
393 1460 425 1496 si
450 1464 583 1505 posset
604 1459 771 1495 definiri.
795 1459 1034 1505 Cuicumque
1057 1459 1176 1503 igitur
1196 1459 1308 1496 adest
1334 1459 1509 1505 cognitio
1536 1460 1724 1503 materiae,
1762 1462 1801 1495 et

183 1517 317 1545 eorum
338 1517 405 1552 pei·
424 1516 509 1552 quae
528 1506 691 1542 materia
711 1506 954 1552 designatur,
980 1509 1018 1541 et
1045 1505 1180 1542 formae
1213 1506 1253 1541 in
1285 1506 1449 1542 materia
1470 1505 1740 1549 individuatae,
1762 1505 1799 1542 ei

183 1564 263 1591 non
285 1558 414 1599 potest
434 1554 572 1589 deesse
593 1553 768 1598 cognitio
791 1553 1031 1598 singularis3
1055 1553 1123 1588 sed
1145 1552 1212 1588 Dei
1247 1552 1423 1598 cognitio
1456 1562 1582 1599 usque
1601 1553 1650 1589 ad
1675 1557 1794 1589 mate-

182 1603 281 1638 riam
298 1604 335 1637 et
354 1600 573 1636 accidentia
593 1600 881 1636 individualitia
914 1603 951 1635 et
985 1600 1133 1636 formas
1169 1599 1369 1645 pertingit.
1408 1600 1502 1636 Cum
1537 1599 1642 1635 enim
1678 1609 1796 1636 suum

181 1648 404 1694 intelligere
426 1648 476 1683 sit
497 1657 570 1684 sua
586 1647 772 1690 essentia,
795 1650 949 1692 oportet
973 1646 1077 1692 quod
1099 1647 1295 1692 intelligat
1314 1646 1449 1682 omnia
1482 1656 1567 1692 quae
1586 1651 1679 1683 sunt
1700 1655 1797 1692 quo-

183 1704 351 1740 cumque
373 1694 490 1730 modo
522 1695 562 1729 iii
596 1693 680 1739 eJus
705 1694 892 1738 essentia,
926 1693 967 1728 in
1000 1703 1077 1739 qua
1116 1693 1273 1739 quidem
1309 1693 1451 1729 virtute
1486 1697 1592 1736 sunt,
1628 1694 1732 1729 sicut
1753 1693 1795 1729 in

181 1742 309 1788 prima
342 1741 508 1787 origine,
532 1741 666 1777 omnia
686 1750 772 1786 quae
809 1749 897 1776 esse
936 1749 1185 1785 quocumque
1207 1739 1325 1776 modo
1347 1740 1493 1776 liabent
1513 1739 1617 1786 (cum
1639 1741 1691 1776 sit
1712 1741 1790 1785 pri-

181 1798 290 1825 mum
314 1788 534 1824 universale
556 1787 714 1823 essendi
742 1787 1008 1832 principium),
1036 1797 1058 1822 a
1091 1787 1235 1832 quibus
1257 1787 1420 1822 materia
1441 1790 1477 1823 et
1509 1787 1694 1824 accidens
1714 1796 1795 1823 non

184 1839 277 1872 sunt
297 1835 438 1878 aliena,
461 1844 549 1870 cum
568 1834 732 1870 materia
751 1834 802 1869 sit
823 1843 894 1870 ens
915 1834 955 1868 in
977 1834 1164 1878 potentia,
1188 1837 1226 1869 et
1245 1833 1430 1870 accidens
1447 1833 1500 1870 sit
1519 1843 1590 1870 ens
1625 1834 1667 1870 in
1700 1834 1794 1871 alio.

181 1883 263 1918 Deo
285 1881 405 1927 igitur
424 1881 599 1926 cognitio
621 1881 882 1926 singularium
908 1889 987 1916 non
1008 1880 1130 1917 deest.

229 1929 411 1973 Amplius,
434 1931 574 1963 natura
605 1928 763 1974 generis
795 1928 966 1972 perfecta
990 1936 1070 1963 non
1102 1930 1230 1972 potest
1250 1927 1440 1973 cognosci
1460 1926 1540 1963 nisi
1562 1926 1795 1963 differentiae

182 1975 319 2021 primae
340 1978 377 2010 et
394 1974 602 2019 passiones
634 1974 801 2019 propriae
834 1977 1140 2020 cognoscantur.
1175 1976 1260 2010 Non
1291 1974 1395 2010 enim
1427 1973 1597 2018 perfecte
1630 1974 1799 2010 sciretur

182 2026 324 2058 natura
357 2021 525 2066 nunieri,
545 2022 577 2058 si
596 2031 666 2066 par
686 2025 723 2057 et
753 2021 880 2066 impar
909 2021 1170 2067 ignoraretur.
1194 2021 1269 2056 Sed
1290 2020 1512 2056 universale
1536 2024 1572 2055 et
1594 2020 1798 2066 singulare

183 2073 278 2106 sunt
308 2067 552 2112 differentiae,
571 2069 630 2104 vel
649 2077 717 2113 per
749 2077 791 2105 se
810 2068 1018 2113 passiones
1041 2068 1156 2104 entis.
1189 2068 1226 2104 Si
1249 2067 1369 2113 igitur
1390 2069 1494 2103 Deus
1514 2067 1797 2113 cognoscendo

184 2116 398 2152 essentiam
432 2125 558 2159 suain,
581 2115 750 2160 perfecte
781 2115 989 2161 cognoscit
1018 2118 1198 2151 naturam
1231 2123 1484 2151 communem
1505 2115 1622 2158 entis,
1646 2117 1803 2159 oportet

183 2162 289 2209 quod
322 2162 490 2207 perfecte
516 2166 732 2208 cognoscat
764 2162 987 2198 universale
1009 2165 1045 2198 et
1062 2161 1278 2208 singulare.
1312 2161 1420 2197 Sicut
1451 2164 1582 2197 autem
1613 2169 1694 2197 non
1714 2170 1800 2206 per-

183 2210 283 2246 fecte
316 2213 575 2254 cognoscei·et
595 2209 832 2253 universale,
856 2209 889 2245 si
908 2212 1169 2254 cognosceret
1190 2208 1449 2244 intentionem
1471 2207 1800 2251 universalitatis,

184 2259 223 2293 et
252 2265 333 2292 non
365 2259 623 2301 cognosceret
654 2265 735 2291 rem
769 2255 1047 2299 universalem,
1071 2259 1112 2291 ut
1135 2255 1336 2291 hominem
1356 2258 1423 2290 aut
1453 2253 1614 2297 animal,
1636 2254 1690 2290 ita
1717 2262 1800 2290 non

164 2303 353 2349 ¹perfecte
385 2306 643 2348 cognosceret
677 2302 892 2348 singulare,
914 2302 947 2338 si
970 2305 1229 2348 cognosceret
1262 2302 1455 2337 rationem
1485 2301 1793 2346 singularitatis,

183 2353 222 2386 01
240 2358 319 2386 11011
340 2353 599 2395 cognosceret
628 2350 702 2385 hoc
723 2349 783 2385 vel
802 2349 901 2385 illud
922 2349 1137 2396 singulare.
1161 2349 1321 2394 Oportet
1335 2347 1457 2394 igitur
1475 2347 1582 2394 quod
1604 2349 1708 2384 Deus
1729 2355 1800 2384 res

183 2396 409 2443 singulares
430 2400 656 2445 cognoscat.

229 2444 372 2483 Adhuc,
393 2443 495 2479 sicut
522 2445 624 2480 Deus
654 2446 715 2479 est
745 2442 877 2488 ipsum
908 2451 1025 2479 suum
1062 2451 1164 2485 esse,
1184 2442 1238 2478 ita
1258 2445 1296 2477 et
1324 2450 1442 2478 suum
1471 2449 1730 2487 cognoscere,
1751 2443 1795 2477 ut

184 2494 387 2526 ostensum
411 2494 470 2526 est
499 2489 596 2535 (cap.
620 2489 677 2536 45)
696 2501 704 2534 ;
727 2489 795 2525 sed
817 2499 864 2525 ex
888 2489 963 2525 lioc
983 2489 1089 2535 quod
1110 2493 1168 2525 est
1189 2498 1303 2525 suum
1325 2497 1428 2531 esse,
1450 2491 1604 2534 oportet
1625 2487 1730 2533 quod
1752 2486 1796 2522 in

183 2536 272 2581 ipso
305 2537 557 2573 inveniantur
586 2546 725 2573 omnes
757 2536 1021 2581 perfectiones
1055 2535 1228 2579 essendi,
1263 2535 1366 2572 sicut
1405 2536 1444 2571 in
1479 2535 1605 2580 prima
1636 2533 1796 2569 essendi

184 2582 353 2628 origine,
375 2587 417 2618 ut
437 2593 556 2628 supra
578 2583 690 2629 (cap..
712 2583 771 2630 28)
795 2583 971 2619 habitum
992 2586 1064 2619 est.
1089 2584 1187 2628 Ergo
1208 2586 1361 2627 oportet
1381 2582 1486 2628 quod
1504 2581 1544 2616 in
1565 2580 1798 2631 ejus‘cogni-

182 2628 292 2664 tione
314 2629 535 2665 inveniatur
566 2630 697 2666 omnis
717 2630 960 2676 cognitionis
980 2630 1182 2675 perfectio,
1217 2629 1321 2666 sicut
1340 2629 1381 2664 in
1402 2627 1528 2673 primo
1550 2627 1796 2672 cognitionis

184 2675 306 2711 fonte.
330 2677 408 2711 Hoc
445 2679 574 2711 autem
594 2685 673 2712 non
704 2681 823 2720 esset,
846 2677 879 2713 si
912 2677 946 2712 ei
969 2676 1233 2722 singularium
1269 2675 1410 2712 notitia
1445 2674 1613 2716 deesset,
1645 2682 1735 2709 011111
1757 2673 1797 2709 111

184 2721 260 2758 hoc
282 2722 503 2768 aliquorum
535 2723 863 2768 cognoscentium
884 2723 1072 2768 perfectio
1094 2723 1299 2760 consistat.
1323 2720 1572 2766 Impossibile
1592 2723 1652 2756 cst
1676 2720 1799 2765 igitur

185 2777 273 2805 euin
300 2769 563 2814 singularium
584 2769 764 2804 notitiam
787 2778 867 2806 non
886 2770 1043 2813 habere,

230 2816 419 2855 Praeterea,
442 2815 482 2850 in
501 2815 687 2852 omnibus
719 2816 930 2852 virtutibus
951 2816 1144 2852 ordinatis
1166 2813 1429 2851 communiter
1456 2812 1668 2855 invenitur,
1693 2811 1799 2858 quod

186 2860 308 2899 virtus
341 2861 522 2908 superior
553 2861 602 2899 ad
644 2861 757 2908 plura
786 2871 830 2899 se
862 2862 1050 2907 extendit,
1081 2866 1118 2898 et
1139 2865 1270 2898 tamen
1291 2863 1350 2897 est
1370 2859 1519 2897 unica:
1546 2859 1671 2897 virtus
1704 2867 1799 2896 vero
