1894 3223
676 121 763 156 ΜΒ.
792 120 838 162 11,
866 120 968 156 CAP.
996 120 1159 156 Lxxvit.
1642 121 1707 157 21¹

93 200 272 239 actiones
288 200 556 238 attribuuntur
570 199 721 237 homini
738 200 777 237 in
791 205 981 247 quantum
998 200 1172 246 praedicti
1189 199 1415 237 intellectus
1427 200 1712 238 continuantur

93 247 224 287 nobis.
247 251 288 284 tit
308 247 527 284 Averrhoes
548 246 656 291 dicit,
677 247 757 293 jam
780 256 900 293 supra
918 247 966 291 (c.
991 248 1048 293 59)
1067 251 1273 284 ostensum
1293 250 1353 284 est
1372 247 1477 294 quod
1499 248 1709 285 continua·

93 295 150 332 tio
177 294 402 331 intellectus
429 293 636 340 possibilis
665 294 890 338 nobiscum,
913 295 946 331 si
977 295 1029 331 sit
1058 294 1236 341 quaedam
1271 294 1493 332 substantia
1513 299 1709 341 separata,

94 341 250 426 gualem
271 341 356 388 ipse
376 340 577 387 intelligit,
598 349 679 378 non
701 340 847 378 sufficit
874 341 922 378 ad
944 342 1018 378 hoc
1051 341 1156 388 quod
1179 351 1246 387 per
1265 341 1395 387 ipsum
1422 341 1708 389 intelligamus.

123 388 284 425 imiliter
318 388 434 425 etiam
467 391 572 434 patet
592 387 639 424 de
671 388 873 425 intellectu
897 392 1050 434 agente.
1069 390 1325 434 comparatur
1355 388 1460 425 enim
1484 389 1711 426 intellectus

93 443 218 519 agens
250 434 299 472 ad
319 435 474 482 species
502 434 778 481 intelligibiles
807 439 985 481 receptas
1018 436 1058 471 in
1080 435 1282 472 intellectu
1305 435 1506 481 possibili,
1528 437 1630 473 sicut
1647 445 1712 474 ars

94 491 118 520 a
168 482 317 520 formas
343 481 571 519 artificiales
590 491 678 528 quae
709 491 778 528 per
812 486 933 519 artem
961 486 1162 528 ponuntur
1187 482 1227 518 in
1260 483 1437 527 materia,
1460 487 1502 520 ut
1533 487 1640 529 patet
1664 492 1712 520 ex

93 529 276 575 exemplo
309 528 533 566 Aristotelis
567 528 631 575 (De
662 531 799 573 anima,
821 538 880 574 111,
902 534 994 566 text.
1018 538 1162 567 comm.
1188 529 1259 575 17).
1284 531 1431 566 Formae
1462 533 1593 567 autem
1615 530 1710 567 artis

93 584 176 614 non
210 579 511 623 consequuntur
542 576 739 614 actionem
770 577 881 621 artis,
899 576 968 614 sed
989 577 1120 613 solum
1156 576 1456 614 similitudinem
1477 577 1710 620 formalem;

94 623 200 661 unde
233 632 307 660 nec
337 622 558 660 sub'ectum
601 623 741 660 harum
776 624 990 661 formarum
1030 627 1159 669 potest
1195 633 1265 669 pei·
1300 623 1528 669 hujusmodi
1562 625 1713 661 formas

95 670 294 708 actionem
326 670 398 707 arti
432 671 490 707 cis
524 670 667 708 facere.
692 672 792 716 Ergo
813 680 885 708 nec
919 670 1053 710 homo,
1075 680 1145 717 per
1176 669 1252 707 hoc
1284 670 1390 716 quod
1423 675 1516 707 sunt
1549 671 1589 707 iii
1622 671 1711 716 ipso

92 717 250 764 species
269 717 542 764 intelligibiles
563 721 651 754 actu
675 718 785 755 fact-te
807 718 854 755 ab
874 718 1076 754 intellectu
1095 720 1252 764 agente,
1272 720 1402 763 potest
1423 717 1551 754 faeere
1572 726 1708 763 opera·

95 764 247 801 tionem
268 764 494 801 intellectus
515 765 684 811 agentis.

142 812 286 852 Adhuc,
309 811 620 858 unumquodque
639 811 744 858 quod
770 820 849 848 non
870 814 1001 857 potest
1016 811 1123 847 exire
1143 810 1184 846 in
1203 810 1404 856 propriam
1423 811 1711 856 operationemx

95 858 175 896 nisi
197 867 266 904 per
298 858 372 895 hoc
407 858 513 905 quod
543 863 723 895 movetur
749 858 797 895 ab
818 858 1000 896 exteriori
1021 857 1231 904 principio,
1253 857 1381 904 magis
1400 859 1530 904 agitur
1549 858 1597 895 ad
1618 867 1710 904 ope-

96 905 264 943 randum
287 914 403 951 quam
425 906 602 951 seipsum
624 909 736 952 agat3
758 905 1005 942 irrationalia
1024 905 1130 941 enim
1151 904 1278 950 magis
1294 909 1465 951 aguntur
1482 905 1530 942 ad
1549 914 1712 951 operan-

96 952 190 989 dum
209 961 327 999 quain
348 952 481 998 seipsa
496 956 627 999 agant,
644 953 737 999 quia
757 953 889 989 omnis
910 952 1086 998 operatio
1107 960 1243 988 eorum
1263 951 1456 998 dependet
1473 962 1496 989 a
1515 952 1710 999 principio

96 999 321 1036 extrinseco
341 1002 544 1043 movente3
566 1008 711 1036 sensus
742 1002 870 1036 autem
896 1002 1029 1036 motus
1050 1008 1073 1036 a
1092 998 1276 1035 sensibili
1304 999 1487 1036 exteriori
1520 999 1712 1045 imprimit

96 1046 139 1083 in
159 1045 430 1092 phantasiam
449 1045 559 1083 etsie
580 1055 650 1092 pei·
678 1046 857 1083 ordinem
892 1046 1128 1092 proceditin
1160 1045 1346 1082 omnibus
1366 1046 1555 1091 potentiis
1585 1055 1710 1093 usque

96 1092 145 1130 ad
163 1092 346 1130 motivas.
365 1092 546 1139 Operatio
566 1096 696 1130 autem
709 1093 868 1139 propria
882 1093 1058 1130 hominis
1078 1096 1139 1129 est
1158 1092 1393 1139 intelligere,
1410 1093 1524 1139 cujus
1540 1093 1711 1140 primum

94 1139 335 1186 principium
356 1143 415 1177 est
441 1139 667 1177 intellectus
694 1149 832 1187 agens,
854 1141 921 1187 qui
943 1140 1034 1177 facit
1056 1139 1211 1187 species
1231 1139 1506 1186 intelligibiles
1527 1149 1550 1177 a
1566 1140 1710 1186 quibus

94 1186 242 1233 patitur
270 1186 566 1233 quodammodo
602 1187 828 1225 intellectus
858 1187 1081 1234 possibilis,
1114 1187 1182 1234 qui
1215 1186 1344 1223 factus
1382 1187 1423 1223 in
1457 1190 1546 1224 actu
1582 1191 1712 1223 movet

94 1233 353 1271 voluntatem.
371 1234 410 1271 Si
450 1233 574 1280 igitur
610 1234 838 1272 intellectus
873 1243 997 1281 agens
1033 1237 1094 1272 est
1128 1234 1308 1282 quaedam
1346 1233 1571 1271 substantia
1606 1237 1714 1271 extra

95 1279 314 1325 hominem,
335 1284 418 1318 tota
450 1280 628 1327 operatio
661 1281 837 1319 hominis
872 1281 1066 1328 dependet
1096 1290 1121 1319 a
1153 1281 1349 1327 principio
1370 1281 1607 1318 extrinseco.
1626 1283 1712 1318 Non

95 1327 219 1374 igitur
244 1328 317 1364 erit
337 1328 458 1365 homo
476 1336 600 1375 agens
620 1328 813 1375 seipsum,
835 1328 905 1366 sed
926 1332 1038 1366 actus
1064 1328 1113 1366 ab
1135 1329 1236 1373 ali03
1258 1328 1371 1365 etsie
1390 1337 1470 1365 noii
1492 1329 1567 1366 erit
1585 1328 1711 1365 domi-

97 1383 174 1412 nus
195 1383 357 1412 suarum
379 1375 669 1421 operationum,
687 1384 760 1413 nec
779 1379 953 1413 meretur
967 1376 1123 1414 laudem
1146 1379 1212 1413 aut
1229 1376 1467 1422 vituperium
1488 1388 1497 1421 ;
1520 1379 1557 1412 et
1571 1375 1712 1422 peribit

96 1424 180 1458 tota
198 1422 365 1459 scientia
383 1422 551 1460 moralis
569 1426 608 1460 et
626 1423 877 1460 conversatio
897 1423 1080 1470 politica;
1100 1423 1206 1470 quod
1221 1426 1281 1460 est
1300 1423 1602 1461 inconveniens.
1624 1424 1709 1459 Non

98 1471 159 1506 est
189 1468 311 1515 igitur
343 1469 569 1563 irtitillfctus
599 1478 724 1518 agens
756 1470 982 1509 substantia
1024 1474 1207 1517 separata
1240 1470 1289 1508 ab
1321 1470 1497 1508 homine.
1532 1470 1562 1517 (Ι
1595 1472 1710 1516 part„

97 1523 137 1563 q.
163 1522 298 1554 Lxxix.
320 1524 363 1554 ar
384 1543 394 1554 .
435 1543 442 1552 .

706 1651 877 1695 CAPUT
910 1652 1102 1695 LXXVII.

193 1768 293 1805 QUOD
321 1769 400 1801 NON
427 1769 500 1800 EST
523 1770 763 1802 IMPOSSIBILE
790 1771 1056 1802 INTELLEGTUM
1082 1771 1322 1809 POSSIBILEM‚
1340 1771 1391 1802 ET
1415 1770 1610 1808 AGENTEM,

472 1828 514 1859 IN
547 1829 629 1859 UNA
663 1830 903 1861 SUBSTANTIA
927 1831 1066 1860 ANIMAE
1099 1831 1335 1860 CONVENIRE.

115 1942 119 1943 ⁷
145 1936 349 1990 Videbitur
369 1940 501 1990 autem
519 1938 655 1976 forsan
671 1938 791 1976 alicui
807 1939 884 1978 hoc
903 1947 994 1977 esse
1014 1939 1268 1986 impossibile
1291 1940 1398 1988 quod
1418 1949 1499 1979 una
1518 1944 1556 1978 et
1576 1940 1713 1979 eadem

98 1983 337 2037 substantia²
360 1984 512 2022 scilicet
531 1989 679 2023 nostrae
710 1987 866 2030 animae,
887 1986 940 2023 sit
960 1987 1001 2023 in
1021 1987 1198 2033 potentia
1219 1987 1268 2025 ad
1290 1988 1425 2025 omnia
1445 1988 1714 2035 intelligibilia

98 2030 220 2078 (quod
240 2034 410 2077 pertinet
429 2032 476 2069 ad
496 2032 741 2070 intellectum
756 2032 1004 2081 possibilem)
1021 2037 1059 2070 et
1079 2034 1256 2072 faciatea
1274 2038 1364 2072 actu
1385 2034 1506 2082 (quod
1527 2039 1587 2072 est
1603 2035 1715 2072 intel-

98 2077 225 2115 lectus
246 2078 401 2126 agentis
423 2106 432 2123 ‚
455 2087 578 2132 quum
598 2080 701 2117 nihil
733 2084 825 2127 agat
844 2081 1063 2118 secundum
1084 2081 1191 2128 quod
1210 2084 1271 2119 est
1289 2082 1330 2118 in
1351 2082 1540 2128 potentia,
1561 2083 1631 2120 sed
1652 2092 1712 2119 se-

98 2125 274 2179 cundum
309 2134 387 2173 quo
439 2128 499 2178 est
525 2135 571 2179 ‚¹¹¹
601 2131 704 2164 actu.
724 2128 831 2164 Unde
852 2136 933 2165 non
952 2128 1150 2165 videbitur
1179 2128 1286 2175 quod
1305 2138 1430 2176 agens
1450 2132 1488 2166 et
1505 2130 1715 2176 possibilis

97 2172 325 2210 intellectus
345 2176 502 2219 possint
521 2182 561 2209 in
578 2182 659 2211 una
678 2174 901 2212 substantia
921 2175 1064 2212 animae
1085 2175 1310 2213 convenire.

135 2219 187 2272 ,Si
207 2219 298 2266 quis
321 2223 450 2257 autem
483 2224 588 2257 recte
607 2221 807 2267 inspiciat,
829 2221 928 2258 nihil
951 2222 1238 2260 inconveniens
1260 2226 1327 2260 aut
1342 2221 1503 2260 difficile
1520 2223 1711 2270 sequitur.

97 2265 205 2317 Nihil
225 2267 331 2303 enirn
351 2266 534 2319 prohihet
552 2268 642 2320 hoc,
663 2272 844 2314 respectu
865 2269 974 2306 illius
995 2278 1084 2306 esse
1105 2269 1325 2306 secundum
1346 2270 1495 2317 aliquid
1515 2270 1557 2307 in
1575 2275 1712 2316 poten-

98 2314 163 2364 tia·
174 2315 213 2348 et
231 2313 450 2350 secundum
484 2314 591 2351 aliud
612 2323 654 2351 in
674 2319 778 2360 actu,
800 2315 903 2352 sicut
932 2315 974 2352 in
1005 2316 1124 2353 rebus
1156 2316 1405 2353 naturalibus
1426 2317 1624 2360 videmus;
1647 2325 1714 2354 aer

99 2366 208 2395 enim
227 2362 289 2395 est
319 2363 408 2396 actu
438 2360 628 2413 humidus
648 2364 686 2398 et
705 2362 882 2408 potentia
915 2362 1062 2407 siccus,
1083 2366 1186 2399 terra
1205 2367 1335 2399 autem
1356 2373 1376 2399 e
1393 2371 1599 2399 converso.
1622 2364 1711 2402 Haec

99 2408 231 2442 autem
252 2409 497 2458 comparatio
516 2408 718 2445 invenitur
737 2417 825 2446 esse
846 2409 950 2446 inter
969 2409 1142 2446 animam
1163 2409 1443 2446 intellectivam
1466 2413 1504 2446 et
1522 2410 1710 2456 phantas-

102 2455 223 2504 mata.
245 2451 370 2489 Habet
388 2460 493 2504 enim
515 2453 907 2506 anima-intellectiva
926 2455 1076 2502 aliquid
1091 2456 1132 2492 in
1153 2459 1257 2501 actu,
1278 2455 1327 2492 ad
1347 2455 1451 2503 quod
1473 2457 1712 2504 phantasma

99 2502 161 2536 est
189 2507 231 2551 in
263 2501 459 2551 potentia3
480 2502 519 2536 et
548 2499 595 2537 ad
617 2500 766 2548 ahquid
797 2505 859 2539 est
893 2502 936 2538 in
953 2502 1143 2548 potentia,
1164 2502 1270 2548 quod
1293 2503 1334 2540 in
1365 2504 1713 2549 phantasmatibus

98 2548 190 2583 actu
216 2548 428 2583 invenitur.
448 2544 570 2583 Habet
582 2547 688 2584 enim
708 2548 933 2586 substantia
951 2549 1092 2585 animae
1108 2548 1291 2586 humanae
1311 2550 1682 2589 immaterialitatem
1701 2565 1710 2597 ;

75 2616 79 2620 -
99 2595 152 2637 et,
171 2592 277 2630 sicut
297 2602 344 2629 ex
363 2592 480 2630 dictis
495 2596 614 2639 patet,
633 2602 680 2631 ex
700 2594 776 2632 hoc
791 2595 908 2632 habet
928 2598 1109 2632 naturam
1126 2595 1447 2642 intellectualem,
1470 2599 1564 2645 quia
1578 2600 1710 2638 omnis

99 2638 328 2692 substantia
360 2639 635 2692 immaterialis
670 2644 731 2678 est
769 2640 1012 2688 hujusmodi.
1032 2643 1087 2679 Ex
1120 2641 1197 2680 hoc
1227 2647 1358 2681 autem
1390 2645 1568 2683 nondum
1594 2646 1713 2684 habet

100 2685 208 2733 quod
242 2686 490 2740 assimiletur
519 2686 613 2724 huic
631 2687 694 2724 vel
712 2686 772 2725 illi
800 2688 856 2725 rei
893 2688 1164 2734 determinate,
1186 2690 1294 2737 quod
1321 2691 1539 2738 requiritur
1567 2693 1615 2730 ad
1636 2693 1711 2731 hoc

101 2733 208 2779 quod
238 2742 373 2771 anima
402 2736 541 2771 nostra
574 2734 679 2771 hanc
699 2734 761 2772 vel
780 2734 888 2772 illam
918 2744 1002 2772 rem
1036 2735 1294 2774 determinate
1322 2743 1559 2785 cognoscat;
1579 2741 1711 2777 omnis

101 2779 208 2817 enim
241 2780 420 2833 cognitio
449 2779 495 2817 fit
522 2780 742 2833 secundum
773 2781 1076 2820 similitudinem
1105 2783 1255 2830 cogniti
1283 2784 1325 2821 in
1344 2790 1624 2832 cognoscente.
1645 2788 1715 2824 Re-

101 2829 236 2877 manet
255 2828 377 2874 igitur
393 2836 483 2873 ipsa
501 2836 636 2865 anima
654 2827 895 2866 intellectiva
909 2829 950 2866 in
969 2829 1147 2875 potentia
1165 2830 1212 2868 ad
1234 2830 1514 2870 determinatas
1526 2833 1711 2870 similitu-

102 2871 217 2911 dines
234 2882 363 2912 rei·um
376 2874 710 2922 cognoscibilium
723 2884 747 2915 a
763 2875 895 2923 nobis,
914 2885 1002 2925 quae
1022 2880 1117 2916 sunt
1129 2880 1279 2917 naturae
1298 2888 1429 2917 rerum
1445 2880 1710 2918 sensibilium.
