1894 3223
672 97 759 134 ΠΒ.
788 98 852 141 ΙΙΙ,
880 97 980 134 CAP.
1008 96 1122 134 Lxxl.
1639 97 1703 133 351

87 180 181 218 tatis
201 179 371 223 sublata,
391 186 496 222 eum,
511 186 581 224 per
592 176 837 215 differentias
858 177 1003 224 quibus
1025 187 1088 215 res
1107 177 1158 215 ab
1174 177 1342 215 invicem
1363 175 1706 229 differam-unum

88 227 210 264 altero
231 226 375 264 melius
394 226 550 269 existat,
572 225 676 262 sicut
696 225 913 261 animatum
933 225 1153 262 inanimato
1178 228 1215 262 ct
1246 224 1438 262 rationale
1467 224 1704 262 irrationali.

90 275 133 311 Et
152 274 224 318 sic,
247 273 281 310 si
299 272 507 319 aequalitas
527 271 758 309 omnimoda
776 274 882 308 esset
901 271 939 307 in
962 272 1095 315 rebus,
1111 280 1190 309 non
1206 276 1313 309 esset
1327 272 1405 309 nisi
1423 279 1544 308 unum
1560 271 1709 309 bonum

86 324 286 364 ereatum;
309 319 415 366 quod
447 319 657 356 manifeste
694 318 927 364 perfectioni
962 318 1125 365 derogat
1153 322 1355 356 creaturae.
1391 318 1543 355 Gradus
1577 322 1708 356 autem

86 366 278 404 bonitatis
305 366 490 412 superior
510 368 586 410 est,
603 368 648 403 ut
664 365 812 412 aliquid
833 364 886 401 sit
905 364 1069 408 bonum,
1089 365 1194 411 quod
1215 374 1295 402 non
1329 366 1499 411 possita
1530 365 1708 402 bonitate

87 412 268 451 deiicere.
291 413 457 451 lnserior
476 415 608 450 autem
626 420 674 450 eo
695 415 769 456 est,
784 411 889 459 quod
907 415 1037 457 potest
1056 421 1078 447 a
1098 412 1272 449 bonitate
1290 411 1470 450 deficere.
1494 413 1710 459 Utrumque

24 472 32 478 ·
87 460 210 508 igitur
247 459 411 507 gradum
448 459 639 497 bonitatis
676 459 866 505 perfectio
903 458 1078 495 universi
1119 459 1295 504 requirit.
1327 460 1381 495 Ad
1420 459 1708 504 providentiam

87 511 219 545 autem
254 507 516 554 gubernantis
548 506 717 553 pertinet
742 505 1025 552 perfectionem
1056 505 1096 542 in
1129 505 1248 543 rebus
1278 506 1510 553 gubernatis
1541 514 1707 543 conser-

87 563 194 599 vare,
215 562 296 591 non
314 559 445 591 autem
466 562 552 591 eam
573 553 766 591 minuere.
787 553 910 589 teritur
929 561 1008 589 non
1038 552 1208 597 pertinet
1227 552 1282 604 ad·
1312 553 1485 589 divinam
1506 553 1712 599 providen-

87 602 198 646 tiam,
226 605 268 639 ut
303 602 469 639 omnino
498 600 682 639 excludat
713 610 737 638 a
768 609 808 637 re
841 609 887 637 us
918 600 1136 645 potentiam
1170 598 1377 636 deficiendi
1403 609 1426 637 a
1462 600 1581 637 borio.
1604 601 1710 638 Hanc

89 652 220 686 autem
241 648 457 695 potentiam
480 647 661 695 sequitur
677 647 840 685 malum.
860 646 961 691 Quia
981 646 1088 694 quod
1109 649 1240 693 potest
1267 646 1447 687 deficere,
1470 646 1709 695 quandoque

88 695 234 739 deficit,
257 696 399 741 etipse
419 695 598 733 defectus
623 695 717 732 boni
745 694 892 731 malum
915 697 989 739 est,
1011 697 1054 731 ut
1075 702 1196 740 supra
1215 696 1422 731 ostensum
1447 698 1508 731 est
1535 694 1636 740 (cap.
1656 694 1708 741 7).

89 743 176 780 Non
195 746 255 780 est
275 743 397 789 igitur
415 742 463 780 ad
485 742 658 780 divinam
684 741 972 789 providentiam
993 741 1198 787 pertinens
1232 743 1274 779 ut
1306 741 1472 778 omnino
1506 741 1654 778 malum
1688 750 1712 779 a

91 789 212 827 rebus
232 789 463 835 gubernatis
481 788 701 836 prohibeat.

138 836 282 881 Adhuc,
304 837 496 883 optimum
517 837 558 873 in
577 835 865 883 gubernatione
892 834 1070 883 qualibet
1102 838 1162 872 est
1191 837 1233 872 ut
1259 834 1310 887 in·
1329 833 1449 886 rebus
1478 834 1710 882 gubernatis

90 883 310 921 secundum
333 883 493 921 modum
515 891 632 921 suum
653 883 918 929 provideatur.
938 884 981 920 In
1006 883 1082 920 hoc
1102 882 1208 918 enim
1229 882 1597 928 regiminisjustitia
1621 891 1713 920 con·

91 930 210 968 sistit.
233 931 341 968 Sicut
361 931 482 977 igitur
496 933 603 968 esset
621 934 759 967 contra
778 930 972 967 rationem
994 929 1158 967 humani
1180 929 1403 973 reoiininis,
1425 930 1458 966 si
1475 929 1712 975 impediren-

90 980 194 1014 tura
213 978 499 1024 gubernatione
528 977 699 1014 civitatis
732 977 916 1014 homines
946 985 1064 1023 agere
1099 956 1320 1028 seeundum
1349 984 1425 1013 sua
1449 976 1595 1022 officia,
1630 977 1710 1015 nisi

92 1023 191 1061 forte
208 1023 446 1070 quandoque
469 1024 517 1061 ad
538 1024 676 1061 horam
697 1026 856 1070 propter
869 1023 1043 1070 aliquam
1065 1025 1360 1067 necessitatem,
1376 1023 1430 1060 ita
1450 1027 1558 1060 esset
1572 1027 1712 1061 contra

92 1070 289 1107 rationem
309 1071 429 1108 divini
450 1071 673 1118 regiminis,
696 1071 729 1107 sl
761 1078 842 1107 non
877 1071 1025 1107 sineret
1058 1077 1124 1108 res
1152 1072 1305 1106 creatas
1336 1076 1453 1115 agere
1491 1070 1711 1107 seeundum

91 1117 256 1156 modum
277 1117 446 1164 propriae
467 1121 631 1155 naturae.
655 1119 706 1154 Ex
725 1117 801 1154 hoc
822 1120 954 1155 autem
973 1116 1080 1164 quod
1100 1119 1289 1153 creaturae
1308 1116 1368 1153 sic
1384 1119 1509 1162 agunt
1533 1117 1714 1163 sequitur

92 1164 295 1211 corruptio
316 1169 354 1202 et
372 1165 521 1202 malum
542 1165 584 1201 in
603 1163 723 1202 rebus
743 1176 752 1208 ;
774 1172 865 1201 cum
885 1167 1046 1210 propter
1064 1163 1382 1201 contrarietatem
1414 1166 1453 1200 et
1487 1171 1713 1210 repugnan-

91 1211 189 1248 tiam
208 1220 296 1259 quae
315 1215 376 1249 631
394 1212 434 1248 10
456 1211 589 1256 1611113,
607 1220 689 1248 una
710 1219 774 1249 res
797 1211 849 1248 sit
871 1210 1036 1248 alterius
1055 1210 1293 1256 corruptiva.
1316 1212 1401 1247 Non
1421 1212 1482 1248 est
1515 1211 1637 1257 igitur
1663 1211 1712 1248 ad

93 1257 268 1343 givinam
289 1258 576 1305 providentiam
590 1258 794 1304 pertinens
813 1258 962 1295 malum
983 1257 1148 1296 omnino
1168 1257 1318 1294 arebus
1335 1256 1568 1304 gubernatis
1580 1258 1712 1296 exclu-

120 1314 198 1343 ere.

139 1353 240 1397 Item,
264 1352 514 1399 impossibile
534 1355 595 1391 est
614 1352 720 1400 quod
738 1360 862 1400 agens
882 1354 1066 1399 operetur
1084 1351 1245 1399 aliquod
1262 1351 1425 1396 malum,
1448 1352 1526 1390 nisi
1555 1356 1713 1400 propter

94 1398 171 1437 hoe
188 1400 293 1446 quod
315 1400 484 1437 intendit
502 1399 664 1447 aliquod
683 1400 847 1440 bonum,
865 1400 970 1437 sicut
988 1409 1037 1436 ex
1055 1399 1330 1446 superioribus
1351 1399 1451 1445 (cap.
1473 1399 1510 1446 4)
1537 1403 1711 1446 apparet.

95 1445 310 1484 Prohibere
345 1450 475 1484 autem
508 1447 796 1493 cujuscumque
823 1446 918 1484 boni
948 1446 1209 1484 intentionem
1242 1445 1521 1484 universaliter
1540 1455 1564 1484 a
1594 1446 1714 1485 rebus

95 1494 240 1531 creatis
261 1502 341 1530 non
361 1494 530 1541 pertinet
549 1493 598 1531 ad
626 1493 913 1540 providentiam
934 1493 1020 1540 ejus
1039 1493 1107 1540 qui
1128 1497 1188 1530 est
1207 1493 1340 1531 omnis
1360 1493 1455 1530 boni
1477 1502 1623 1538 causa;
1655 1495 1713 1532 sic

94 1540 201 1578 enim
231 1540 356 1578 multa
388 1540 495 1578 bona
527 1539 876 1578 substraherentur
893 1540 941 1577 ab
959 1539 1216 1578 universitate
1247 1547 1379 1577 rerum
1398 1551 1409 1585 ;
1430 1540 1548 1583 sicut,
1569 1540 1602 1578 31
1624 1540 1715 1578 sub-

93 1587 318 1625 traheretur
337 1588 420 1633 igni
441 1587 609 1624 intentio
631 1587 846 1634 generandi
868 1587 944 1625 sibi
963 1587 1109 1627 simile,
1129 1587 1177 1625 ad
1198 1596 1316 1634 quam
1337 1587 1517 1634 sequitur
1534 1588 1609 1625 hoc
1630 1596 1713 1625 ma-

94 1632 177 1677 Lum
205 1634 309 1681 quod
341 1637 401 1672 est
431 1634 633 1680 corruptio
662 1643 793 1672 rerum
825 1634 1181 1679 combustibilium‚
1211 1633 1417 1671 tolleretur
1449 1634 1526 1672 hoc
1562 1634 1712 1673 bonum

95 1681 201 1726 quod
221 1685 282 1719 est
301 1681 505 1728 generatio
532 1681 639 1728 ignis
659 1684 697 1736 et
715 1682 966 1719 conservatio
984 1681 1113 1728 ipsius
1131 1681 1350 1718 secundum
1378 1689 1492 1719 suam
1525 1682 1711 1727 speciem.

95 1728 183 1765 Non
202 1731 263 1769 est
282 1728 405 1775 igitur
423 1728 566 1766 divinae
585 1727 842 1774 providentiae
859 1728 1007 1765 malum
1028 1727 1202 1765 totaliter
1220 1737 1242 1764 a
1263 1727 1381 1765 rebus
1396 1728 1618 1766 excludere.

141 1774 285 1819 Adhuc,
307 1775 432 1812 multa
458 1774 565 1812 bona
581 1778 675 1812 sunt
705 1775 744 1811 in
776 1775 909 1819 rebus,
931 1784 1033 1822 quae,
1053 1775 1131 1812 nisi
1166 1775 1272 1812 mala
1296 1779 1444 1816 essent,
1467 1774 1597 1812 locum
1631 1783 1713 1814 non

94 1821 439 1866 haberent3sicut
477 1830 558 1859 non
592 1825 699 1861 esset
726 1822 917 1868 patientia
945 1822 1159 1868 justorum,
1179 1822 1313 1859 sinon
1342 1825 1450 1860 esset
1484 1822 1714 1870 malignitas

92 1869 414 1922 persequentium
435 1881 444 1914 ;
467 1877 539 1906 nec
554 1872 660 1906 esset
677 1869 1285 1916 locusjustitiaevindicativae‚si
1299 1869 1443 1906 delicta
1455 1873 1713 1915 non-essent3

93 1924 135 1954 111
153 1915 272 1954 rebus
293 1916 409 1953 etiam
434 1916 695 1961 naturalibus,
711 1925 791 1953 non
814 1919 920 1954 esset
939 1916 1060 1954 unius
1078 1916 1296 1963 generatio,
1319 1916 1397 1954 nisi
1419 1919 1526 1953 esset
1551 1917 1714 1955 alterius

93 1963 309 2009 corruptio.
332 1964 372 2000 Si
393 1972 488 2010 ergo
502 1963 650 2001 malum
664 1963 838 2000 totaliter
854 1963 901 2001 ab
916 1963 1173 2001 universitate
1192 1972 1324 2000 rerum
1338 1972 1411 2010 per
1431 1964 1603 2001 divinam
1623 1972 1713 2010 pro-

93 2010 307 2047 videntiam
321 2010 607 2055 excluderetur,
619 2014 818 2057 oporteret
837 2010 954 2048 etiam
978 2009 1175 2048 bonorum
1197 2010 1491 2048 multitudinem
1516 2011 1712 2056 diminui;

95 2056 198 2103 quod
219 2066 308 2095 esse
326 2066 406 2095 non
427 2057 556 2103 debet,
576 2057 671 2104 quia
687 2057 907 2096 virtuosius
928 2061 989 2095 est
1006 2057 1155 2096 bonum
1177 2058 1217 2094 in
1238 2058 1415 2095 bonitate
1435 2066 1552 2104 quam
1568 2058 1608 2094 in
1630 2067 1713 2095 ma-

94 2103 180 2140 litia
197 2104 344 2156 malum
365 2104 470 2142 sicut
489 2114 536 2142 ex
555 2104 831 2151 superioribus
850 2104 898 2152 (c.
923 2104 980 2151 12)
998 2107 1117 2151 patet.
1139 2105 1265 2151 igitur
1281 2113 1363 2142 non
1382 2104 1498 2142 debet
1527 2113 1598 2152 per
1614 2105 1712 2143 divi·

93 2157 187 2187 nam
207 2151 493 2196 providentiam
516 2151 692 2189 totaliter
707 2151 856 2189 malum
877 2152 1032 2189 excludi
1053 2161 1077 2190 a.
1096 2151 1232 2190 rebus.

141 2197 322 2242 Amplius,
344 2198 493 2236 bonum
518 2198 643 2236 totius
673 2199 903 2244 praeeminet
930 2198 1037 2236 bono
1069 2199 1206 2244 partis.
1234 2197 1291 2236 Ad
1324 2199 1557 2245 prudentem
1592 2199 1713 2246 igitur

93 2243 398 2328 gubernatorem
418 2244 588 2291 pertinet
607 2245 809 2293 negligere
829 2245 1002 2292 aliquem
1023 2245 1219 2284 defectum
1242 2245 1433 2283 bonitatis
1453 2246 1495 2283 in
1524 2250 1648 2292 parte,
1670 2249 1712 2283 ut

124 2294 164 2328 at
183 2294 437 2338 augmentum
467 2291 658 2330 bonitatis
676 2292 717 2329 in
738 2295 845 2336 toto;
867 2293 970 2330 sicut
998 2293 1139 2330 artifex
1168 2291 1378 2330 abscondit
1408 2293 1709 2330 fundamentum

93 2337 304 2382 subterra,
325 2341 368 2374 ut
386 2341 469 2375 tota
485 2338 628 2376 domus
650 2338 794 2376 habeat
817 2339 1056 2377 firmitatem.
1076 2339 1164 2383 Sed,
1186 2340 1220 2378 si
1250 2339 1398 2376 malum
1418 2348 1442 2376 a
1471 2339 1709 2385 quibusdam

92 2384 271 2431 partibus
292 2384 467 2422 universi
499 2385 809 2431 subtraheretur,
829 2386 998 2425 multum
1032 2386 1228 2433 deperiret
1246 2386 1502 2432 perfectionis
1516 2386 1706 2431 universi,

91 2431 208 2478 cujus
228 2431 481 2478 pulchritudo
498 2440 546 2468 ex
565 2431 748 2469 ordinata
765 2433 962 2470 bonorum
991 2436 1030 2471 et
1056 2433 1251 2470 malorum
1282 2432 1523 2470 adunatione
1542 2441 1708 2470 consur-

91 2478 163 2564 git,
185 2478 277 2516 dum
298 2478 403 2515 mala
423 2487 471 2515 ex
488 2477 584 2516 boni
604 2477 880 2517 deficientibus
900 2480 1151 2525 proveniunt,
1171 2482 1210 2516 et
1227 2483 1358 2516 tamen
1381 2488 1427 2515 ex
1449 2479 1506 2516 eis
1528 2480 1708 2525 quaedam

119 2534 199 2563 ona
216 2529 517 2571 consequuntur
537 2534 582 2562 ex
602 2525 850 2571 providentia
868 2526 1143 2572 gubernantis,
1164 2526 1269 2563 sicut
1287 2526 1481 2562 etsilentii
1501 2525 1711 2573 interposi·

90 2572 148 2609 tio
168 2572 260 2610 facit
282 2572 519 2609 cantilenam
542 2580 632 2610 esse
650 2579 826 2610 suavem.
846 2574 934 2610 Non
966 2573 1090 2620 igitur
1115 2580 1186 2620 per
1215 2572 1388 2610 divinam
1420 2572 1707 2618 providentiam

91 2617 227 2658 debuit
245 2619 393 2657 malum
415 2628 438 2656 a
454 2618 573 2656 rebus
591 2618 760 2656 excludi.

137 2667 282 2712 Adhuc,
307 2675 370 2704 res
391 2666 491 2711 aliae,
513 2670 551 2703 et
569 2666 766 2713 praecipue
786 2664 996 2703 inferiores
1015 2665 1065 2703 ad
1089 2665 1239 2704 bonurn
1267 2666 1442 2704 hominis
1473 2666 1709 2714 ordinantur

92 2712 196 2751 sicut
215 2713 264 2750 ad
295 2712 428 2750 finem.
451 2713 489 2750 Si
514 2717 644 2751 autem
666 2712 777 2750 nulla
808 2713 913 2750 mala
933 2716 1069 2750 essent
1086 2713 1128 2750 in
1162 2713 1296 2758 rebus,
1317 2714 1484 2752 multum
1520 2715 1569 2753 de
1598 2715 1707 2753 bono

90 2757 268 2797 hominis
300 2760 600 2804 diminueretur,
621 2764 658 2797 et
678 2762 869 2807 quantum
889 2759 937 2797 ad
956 2759 1240 2807 cognitionem,
1261 2763 1300 2797 61
1316 2764 1508 2808 quantum
1528 2761 1577 2799 ad
1610 2762 1705 2800 boni

91 2805 333 2859 desiderium
351 2807 414 2844 vel
435 2815 636 2852 amorem;
658 2814 750 2844 nam
774 2805 924 2844 bouum
945 2815 993 2845 ex
1022 2808 1318 2854 comparatione
1349 2808 1445 2846 mali
1480 2808 1608 2855 magis
1640 2817 1707 2846 co-

90 2856 313 2900 gnoscitur,
331 2857 385 2900 et,
404 2854 500 2893 dum
519 2854 655 2902 aliqua
681 2853 787 2892 mala
802 2856 1089 2900 perpetrantur,
1120 2854 1326 2893 ardentius
1354 2855 1461 2893 bona
1495 2859 1705 2903 optamus,-
