1894 3223
183 148 320 184 xxviii
408 126 409 129 ’
518 145 656 180 BERN.
682 142 840 178 MARIAE
866 140 926 175 DE
950 138 1117 174 Russssls
1143 138 1455 174 DISSERTA'rio.

185 245 361 296 explosit
380 254 582 294 unquam.
605 241 710 280 Hinc
728 249 827 278 vero
847 237 1131 289 colligendum
1150 237 1331 276 Thomas
1350 237 1505 275 docet«
1515 246 1798 286 quascumque

186 311 431 361 argumenta
452 309 598 347 contra
636 303 731 342 fidei
752 301 946 352 mysteria
978 304 1205 351 ponantur,
1227 300 1319 340 haec
1340 312 1390 339 ex
1409 300 1622 350 principiis
1653 300 1799 350 primis

185 376 347 412 naturae
385 370 528 409 inditis
554 380 627 418 per
657 378 700 404 se
728 365 839 404 notis
858 380 898 414 ›·›,
935 365 1109 416 aliisque
1147 377 1197 404 ex
1234 364 1479 404 veritatibus
1518 363 1795 412 naturalibus,

190 451 209 474 «
229 448 314 476 non
335 438 448 475 recte
469 431 712 483 procedere,
729 440 808 469 nec
827 429 1193 468 demonstrationis
1211 429 1294 468 vim
1315 428 1467 467 habere
1487 441 1496 466 :
1520 428 1591 467 sed
1621 428 1684 467 vel
1705 439 1794 467 esse

186 501 368 540 rationes
399 495 668 548 probabiles»
702 498 744 533 et
776 496 1036 543 apparentes,
1073 494 1177 533 «vel
1208 492 1482 542 sophisticas:
1503 495 1546 531 et
1573 492 1632 531 sic
1665 492 1716 531 ad
1750 502 1799 530 ea

186 564 381 604 solvenda
399 563 541 600 locum
562 558 744 609 relinqui
766 572 804 597 n.

238 629 304 667 VI.
325 625 546 665 verissima
566 623 775 662 fatebatur
790 621 959 672 Baylius
981 621 1076 660 fidei
1094 621 1330 660 christianae
1354 620 1563 671 mysteria,
1585 623 1628 660 et
1648 620 1799 660 nihilo-

188 693 324 732 minus
345 700 441 729 cum
461 687 642 727 naturali
662 687 824 726 ratione
856 696 1042 737 pugnare
1064 697 1074 723 ε
1098 696 1282 734 pugnam
1313 685 1437 733 hanc,
1470 695 1598 735 quam
1631 688 1797 734 putant,

188 757 408 796 assumunt
428 754 521 792 loco
554 751 748 802 principii
774 750 933 796 deistae,
955 752 1004 788 ut
1040 749 1137 788 inde
1163 750 1388 789 conficiant
1420 752 1569 789 eadem
1600 750 1798 801 mysteria

187 821 291 859 falsa
312 830 412 858 esse.
434 817 577 856 Fidem
595 816 704 854 inter
737 825 786 854 ac
805 814 1012 853 rationem
1043 814 1225 852 ostendit
1254 814 1437 864 Aquinas
1465 825 1649 865 pugnam
1683 824 1800 852 exer·

190 883 273 923 ceri
287 882 446 921 nullam
470 893 479 919 :
502 880 613 918 unde
634 876 888 928 principium
906 877 1066 925 statuit,
1088 889 1171 926 quo
1206 877 1357 927 impios
1377 877 1556 925 refellat,
1581 877 1799 928 mysterio-

187 958 283 987 rum
302 957 350 985 ac
366 942 628 984 revelationis
647 941 866 981 veritatem
886 941 1132 980 inficientes.
1156 942 1315 981 Praeter
1342 941 1480 980 divina
1499 941 1796 992 intelligibilia,

189 1022 284 1062 quae
302 1008 481 1048 naturali
502 1006 652 1046 rationi
667 1008 765 1044 sunt
784 1004 939 1055 pervia,
961 1004 1041 1042 alia
1067 1005 1190 1044 docet
1227 1005 1426 1056 distingui
1460 1008 1670 1055 oportere,
1704 1016 1801 1056 quae

189 1074 369 1116 naturali
390 1073 559 1124 quidem
578 1070 728 1110 rationi
746 1081 831 1109 non
851 1069 1135 1116 adversantur,
1170 1072 1266 1107 sunt
1295 1072 1483 1108 attamen
1512 1081 1635 1119 supra
1667 1070 1802 1108 ratio-

189 1150 303 1180 nem.
316 1138 475 1177 Diserte
490 1136 547 1175 ait
558 1135 644 1183 ille,
658 1134 793 1184 capite
807 1135 830 1173 3
848 1146 857 1172 ε
873 1133 1050 1182 «Aliqua
1063 1132 1391 1183 intelligibilium
1407 1133 1674 1173 divinorum»
1696 1134 1801 1182 dari,

194 1218 216 1239 «
237 1214 331 1254 quae
368 1202 619 1247 humanae»,
643 1202 880 1248 creataeque
916 1197 1118 1248 cujusque
1157 1197 1366 1236 «rationis
1398 1198 1563 1247 penitus
1595 1199 1804 1238 excedunt

191 1267 442 1319 ingenium»
458 1278 466 1311 3
484 1268 525 1304 et
539 1264 674 1314 capite
687 1265 709 1301 7
727 1276 735 1301 :
751 1262 950 1301 «Veritati
966 1262 1059 1301 fidei
1075 1276 1093 1298 n
1104 1292 1113 1310 ‚
1129 1262 1296 1301 tamesti
1314 1276 1334 1297 «
1348 1262 1545 1302 humanae
1560 1277 1579 1300 »
1598 1267 1640 1302 et
1649 1267 1803 1303 creatae

196 1347 217 1369 «
234 1331 408 1370 rationis
425 1329 698 1379 capacitatem
720 1325 952 1374 excedenti,
970 1337 1055 1365 non
1077 1338 1165 1365 esse
1185 1330 1328 1366 tamen
1343 1327 1604 1366 contrarias»
1627 1328 1710 1367 sive
1725 1328 1805 1378 pri-

193 1406 296 1444 mas,
318 1395 400 1434 sive
418 1393 515 1432 inde
531 1392 681 1439 illatas,
702 1405 720 1426 «
741 1390 935 1428 veritates
956 1390 1106 1430 rationi
1127 1391 1308 1430 naturali
1329 1407 1349 1428 »
1373 1392 1544 1441 pervias.

246 1460 290 1498 Id
310 1458 533 1498 veritatum
551 1467 682 1507 genus
702 1454 883 1504 pertinet
903 1455 955 1494 ad
986 1456 1136 1503 Deum,
1160 1455 1396 1506 cujusmodi
1426 1460 1488 1496 est
1511 1456 1556 1495 in
1588 1468 1644 1496 se.
1676 1457 1805 1508 Atqui

191 1513 385 1564 notitiam
406 1521 496 1570 Dei,
520 1518 755 1570 cujusmodi
777 1521 840 1557 est
859 1518 903 1556 in
922 1530 978 1566 se,
1001 1518 1155 1557 viribus
1174 1518 1321 1557 nativis
1352 1518 1543 1559 obtinere
1574 1530 1661 1559 non
1692 1521 1805 1560 valet

194 1599 313 1628 mens
334 1589 499 1634 creata;
521 1585 710 1623 nativum
731 1583 823 1634 ejus
844 1583 989 1621 lumen
1010 1582 1327 1621 subministrant
1347 1593 1395 1621 ea
1422 1594 1515 1632 quae
1549 1583 1661 1622 facta
1681 1587 1803 1624 sunt:

195 1655 333 1693 creata
355 1651 513 1690 scilicet
532 1649 619 1699 ipsa
637 1659 770 1695 mens,
793 1658 888 1697 quae
908 1658 981 1697 per
1001 1647 1195 1685 intimam
1216 1647 1517 1686 conscientiam
1542 1659 1584 1687 se
1605 1648 1736 1697 novit,
1758 1659 1807 1691 ac

195 1717 405 1758 sensibilia
425 1725 605 1765 quaeque
630 1713 779 1753 hausta
798 1723 873 1762 per
892 1723 1052 1750 sensus,
1074 1712 1172 1750 Haec
1205 1723 1319 1770 vero,
1341 1715 1490 1762 utpote
1510 1712 1658 1752 effecta
1677 1725 1701 1752 a
1719 1715 1806 1754 Deo

193 1782 413 1834 producta,
436 1781 595 1818 ducunt
613 1778 658 1817 in
677 1777 864 1828 ejusdem
885 1776 1186 1828 cognitionem,
1203 1779 1405 1827 tanquam
1424 1775 1570 1826 primae
1592 1781 1806 1818 oausaezat

195 1845 358 1893 eadem,
379 1846 527 1893 utpote
544 1853 680 1882 causae
695 1841 894 1880 virtutem
912 1852 999 1880 non
1020 1841 1304 1892 adaequantes,
1330 1840 1484 1880 ducere
1512 1852 1599 1880 non
1632 1846 1807 1892 possunt

195 1910 240 1948 in
257 1909 460 1959 ejusdem,
484 1905 723 1957 cujusmodi
745 1906 871 1945 estin
901 1917 959 1954 se,
990 1905 1185 1945 notitiam
1223 1905 1503 1955 adaequatam,
1540 1906 1639 1945 Haec
1665 1906 1807 1946 omnia

196 1974 379 2013 Thomas
398 1971 501 2011 locis
516 1971 605 2022 jam
625 1970 887 2017 memoratis;
912 1969 1064 2021 quibus
1080 1970 1259 2010 efficitur
1273 1969 1551 2020 intelligibilia
1565 1969 1702 2010 divina
1717 1972 1807 2011 dari

194 2037 405 2078 verissima
424 2047 549 2086 supra
559 2039 769 2074 naturam.

250 2101 507 2141 Eorumdem
527 2099 852 2151 intelligibilium
877 2100 1007 2139 veluti
1033 2101 1126 2139 duae
1161 2100 1476 2151 distinguuntur
1504 2101 1666 2140 classes.
1702 2101 1808 2140 Sunt

197 2167 291 2214 alia,
314 2176 408 2216 quae
424 2164 707 2203 necessarium
724 2174 879 2202 nexum
899 2175 986 2203 non
1006 2163 1163 2203 habent
1182 2175 1280 2203 cum
1299 2168 1464 2212 natura,
1487 2165 1557 2203 sed
1591 2176 1638 2203 ea
1663 2167 1807 2205 tamen

197 2242 295 2271 cum
314 2229 495 2269 naturali
515 2240 656 2268 rerum
678 2228 823 2267 ordine
839 2229 924 2267 Deo
941 2229 1098 2278 placuit
1111 2239 1186 2278 pro
1202 2240 1285 2267 suae
1299 2228 1513 2278 sapientiae
1528 2229 1717 2275 consilio,
1732 2241 1807 2279 pro

197 2306 367 2345 suaeque
380 2293 606 2333 voluntatis
624 2296 732 2331 nutu
754 2293 964 2344 colligare.
981 2294 1137 2331 Praesto
1151 2292 1340 2341 exempla
1354 2295 1583 2341 suppetunt
1597 2293 1639 2330 in
1653 2293 1808 2332 unione

195 2358 458 2411 hypostatica
483 2388 492 2406 ,
531 2358 575 2396 in
613 2357 826 2409 originalis
865 2357 1026 2407 peccati
1074 2356 1373 2408 propagatione
1390 2385 1401 2402 ‚
1441 2356 1485 2393 in
1519 2356 1810 2406 redemptione

197 2423 343 2463 mundi
364 2435 437 2473 per
456 2423 598 2462 Jesum
622 2421 847 2468 Christum,
869 2421 1091 2460 hominum
1112 2420 1341 2470 adoptione
1360 2419 1404 2458 in
1423 2420 1528 2459 filios
1554 2420 1644 2469 Dei,
1674 2420 1808 2461 haare-

198 2485 326 2525 ditate
348 2490 518 2534 aeterna,
556 2497 650 2537 quae
684 2489 746 2525 est
777 2486 876 2524 visio
911 2486 1021 2524 clara
1053 2485 1097 2523 in
1125 2485 1272 2534 patria.
1306 2484 1412 2523 Sunt
1445 2484 1526 2523 alia
1563 2496 1677 2534 vero,
1712 2497 1807 2536 quae

198 2560 352 2588 nexum
374 2550 531 2589 habent
550 2561 649 2589 cum
664 2553 829 2597 natura,
855 2560 927 2589 seu
948 2559 1045 2588 cum
1073 2548 1245 2597 effectis,
1269 2560 1363 2599 quae
1394 2549 1601 2589 naturalia
1621 2549 1807 2598 appella-

197 2625 292 2653 mus
309 2628 318 2663 ;
339 2615 410 2664 qui
430 2617 580 2653 tamen·
594 2627 724 2654 nexus
744 2614 898 2654 rationi
918 2614 1099 2653 naturali
1119 2625 1206 2653 non
1226 2617 1413 2664 apparet.
1441 2614 1488 2653 V.
1511 2625 1568 2665 g„
1584 2614 1693 2653 inter
1713 2625 1810 2653 con-

199 2677 304 2717 ditas
339 2681 550 2716 creaturas
581 2681 749 2728 tresque
793 2679 1067 2718 sanctissimae
1099 2679 1313 2718 Trinitatis
1343 2688 1540 2728 personas
1576 2687 1706 2715 nexus
1744 2680 1808 2716 est

197 2741 470 2789 necessarius,
488 2741 621 2792 qualis
635 2753 803 2781 causam
816 2743 924 2781 inter
938 2746 979 2781 et
993 2743 1188 2782 effectum
1204 2741 1444 2787 intercedit3
1456 2751 1553 2780 cum
1563 2744 1647 2780 tres
1661 2739 1810 2780 divinae

198 2816 386 2856 personae
406 2805 625 2844 creationis
646 2816 765 2855 opus,
786 2809 830 2845 et
849 2807 961 2846 aliud
982 2806 1199 2857 quodlibet
1218 2807 1269 2846 ad
1289 2809 1405 2845 extra
1435 2804 1560 2843 simul
1591 2808 1806 2855 peragant.

198 2870 334 2910 Nexus
354 2873 539 2909 attamen
559 2869 711 2910 rationi
732 2870 913 2909 naturali
938 2881 1024 2910 non
1044 2874 1242 2922 apparet:
1260 2869 1413 2920 quippe
1438 2879 1532 2919 quae
1565 2868 1616 2908 ab
1649 2868 1807 2908 effectis
