<?xml version="1.0" encoding="UTF-8"?>
<!DOCTYPE html PUBLIC "-//W3C//DTD XHTML 1.0 Transitional//EN"
    "http://www.w3.org/TR/xhtml1/DTD/xhtml1-transitional.dtd">
<html xmlns="http://www.w3.org/1999/xhtml" xml:lang="en" lang="en">
 <head>
  <title>
</title>
<meta http-equiv="Content-Type" content="text/html;charset=utf-8" />
  <meta name='ocr-system' content='tesseract 3.04.00' />
  <meta name='ocr-capabilities' content='ocr_page ocr_carea ocr_par ocr_line ocrx_word'/>
</head>
<body>
  <div class='ocr_page' id='page_1' title='image "./deveritatecathol00thomuoft_0235.png"; bbox 0 0 1894 3223; ppageno 0'>
   <div class='ocr_carea' id='block_1_1' title="bbox 698 119 1732 160">
    <p class='ocr_par' dir='ltr' id='par_1_1' title="bbox 698 119 1732 160">
     <span class='ocr_line' id='line_1_1' title="bbox 698 119 1732 160; baseline 0.001 -6"><span class='ocrx_word' id='word_1_1' title='bbox 698 122 784 155; x_wconf 74' lang='grc' dir='ltr'>ΗΒ.</span> <span class='ocrx_word' id='word_1_2' title='bbox 813 121 859 160; x_wconf 86' lang='lat'>11,</span> <span class='ocrx_word' id='word_1_3' title='bbox 887 120 987 155; x_wconf 77' lang='lat' dir='ltr'>CAP.</span> <span class='ocrx_word' id='word_1_4' title='bbox 1016 119 1145 156; x_wconf 78' lang='lat' dir='ltr'>LXXII.</span> <span class='ocrx_word' id='word_1_5' title='bbox 1664 120 1732 155; x_wconf 68' lang='lat' dir='ltr'>isti</span> 
     </span>
    </p>
   </div>
   <div class='ocr_carea' id='block_1_2' title="bbox 110 197 1735 577">
    <p class='ocr_par' dir='ltr' id='par_1_2' title="bbox 110 197 1732 297">
     <span class='ocr_line' id='line_1_2' title="bbox 110 197 1732 250; baseline -0.001 -12"><span class='ocrx_word' id='word_1_6' title='bbox 110 201 372 246; x_wconf 86' lang='lat' dir='ltr'>simillimum,</span> <span class='ocrx_word' id='word_1_7' title='bbox 395 200 615 238; x_wconf 87' lang='lat' dir='ltr'>secundum</span> <span class='ocrx_word' id='word_1_8' title='bbox 638 201 897 237; x_wconf 76' lang='lat' dir='ltr'>intentionem</span> <span class='ocrx_word' id='word_1_9' title='bbox 927 199 1165 243; x_wconf 82' lang='lat' dir='ltr'>Aristotelis,</span> <span class='ocrx_word' id='word_1_10' title='bbox 1188 197 1413 250; x_wconf 64' lang='lat' dir='ltr'>substantia</span> <span class='ocrx_word' id='word_1_11' title='bbox 1444 197 1732 236; x_wconf 80' lang='lat' dir='ltr'>intellectualis</span> 
     </span>
     <span class='ocr_line' id='line_1_3' title="bbox 111 247 1382 297; baseline -0.002 -12"><span class='ocrx_word' id='word_1_12' title='bbox 111 248 259 292; x_wconf 88' lang='lat' dir='ltr'>unitur,</span> <span class='ocrx_word' id='word_1_13' title='bbox 278 257 357 285; x_wconf 86' lang='lat' dir='ltr'>non</span> <span class='ocrx_word' id='word_1_14' title='bbox 378 257 446 294; x_wconf 88' lang='lat' dir='ltr'>per</span> <span class='ocrx_word' id='word_1_15' title='bbox 465 248 599 295; x_wconf 84' lang='lat' dir='ltr'>aliqua</span> <span class='ocrx_word' id='word_1_16' title='bbox 619 247 912 293; x_wconf 77' lang='lat' dir='ltr'>phantasmata,</span> <span class='ocrx_word' id='word_1_17' title='bbox 935 247 1003 284; x_wconf 84' lang='lat' dir='ltr'>scd</span> <span class='ocrx_word' id='word_1_18' title='bbox 1027 251 1069 283; x_wconf 87' lang='lat' dir='ltr'>ut</span> <span class='ocrx_word' id='word_1_19' title='bbox 1094 247 1220 284; x_wconf 82' lang='lat' dir='ltr'>forma</span> <span class='ocrx_word' id='word_1_20' title='bbox 1240 254 1382 297; x_wconf 81' lang='lat' dir='ltr'>ipsius.</span> 
     </span>
    </p>

    <p class='ocr_par' dir='ltr' id='par_1_3' title="bbox 110 292 1735 577">
     <span class='ocr_line' id='line_1_4' title="bbox 160 292 1732 342; baseline -0.001 -10"><span class='ocrx_word' id='word_1_21' title='bbox 160 297 237 332; x_wconf 78' lang='lat' dir='ltr'>Hoc</span> <span class='ocrx_word' id='word_1_22' title='bbox 258 299 386 332; x_wconf 86' lang='lat' dir='ltr'>autem</span> <span class='ocrx_word' id='word_1_23' title='bbox 410 295 515 342; x_wconf 88' lang='lat' dir='ltr'>quod</span> <span class='ocrx_word' id='word_1_24' title='bbox 537 295 684 331; x_wconf 88' lang='lat' dir='ltr'>dictum</span> <span class='ocrx_word' id='word_1_25' title='bbox 707 298 766 330; x_wconf 88' lang='lat' dir='ltr'>est</span> <span class='ocrx_word' id='word_1_26' title='bbox 785 294 830 330; x_wconf 86' lang='lat' dir='ltr'>de</span> <span class='ocrx_word' id='word_1_27' title='bbox 853 294 1094 331; x_wconf 77' lang='lat' dir='ltr'>animatione</span> <span class='ocrx_word' id='word_1_28' title='bbox 1116 293 1202 330; x_wconf 86' lang='lat' dir='ltr'>coeli</span> <span class='ocrx_word' id='word_1_29' title='bbox 1232 301 1312 329; x_wconf 89' lang='lat' dir='ltr'>non</span> <span class='ocrx_word' id='word_1_30' title='bbox 1333 292 1509 330; x_wconf 81' lang='lat' dir='ltr'>diximus</span> <span class='ocrx_word' id='word_1_31' title='bbox 1531 292 1646 340; x_wconf 84' lang='lat' dir='ltr'>quasi</span> <span class='ocrx_word' id='word_1_32' title='bbox 1668 301 1732 330; x_wconf 86' lang='lat' dir='ltr'>as·</span> 
     </span>
     <span class='ocr_line' id='line_1_5' title="bbox 113 339 1732 386; baseline -0.001 -6"><span class='ocrx_word' id='word_1_33' title='bbox 113 342 282 380; x_wconf 83' lang='lat' dir='ltr'>serendo</span> <span class='ocrx_word' id='word_1_34' title='bbox 303 342 523 380; x_wconf 84' lang='lat' dir='ltr'>secundum</span> <span class='ocrx_word' id='word_1_35' title='bbox 550 341 640 377; x_wconf 79' lang='lat' dir='ltr'>fidei</span> <span class='ocrx_word' id='word_1_36' title='bbox 663 341 898 380; x_wconf 81' lang='lat' dir='ltr'>doctrinam.</span> <span class='ocrx_word' id='word_1_37' title='bbox 925 341 971 377; x_wconf 82' lang='lat' dir='ltr'>ad</span> <span class='ocrx_word' id='word_1_38' title='bbox 995 350 1111 386; x_wconf 81' lang='lat' dir='ltr'>quam</span> <span class='ocrx_word' id='word_1_39' title='bbox 1134 340 1233 376; x_wconf 81' lang='lat' dir='ltr'>nihii</span> <span class='ocrx_word' id='word_1_40' title='bbox 1254 339 1423 386; x_wconf 83' lang='lat' dir='ltr'>pertinet</span> <span class='ocrx_word' id='word_1_41' title='bbox 1456 340 1615 377; x_wconf 77' lang='lat' dir='ltr'>sive-sic</span> <span class='ocrx_word' id='word_1_42' title='bbox 1647 339 1732 378; x_wconf 80' lang='lat' dir='ltr'>sive</span> 
     </span>
     <span class='ocr_line' id='line_1_6' title="bbox 113 387 1733 434; baseline -0.002 -8"><span class='ocrx_word' id='word_1_43' title='bbox 113 389 226 426; x_wconf 78' lang='lat' dir='ltr'>aliter</span> <span class='ocrx_word' id='word_1_44' title='bbox 259 389 434 433; x_wconf 86' lang='lat' dir='ltr'>dicatur;</span> <span class='ocrx_word' id='word_1_45' title='bbox 457 388 562 426; x_wconf 86' lang='lat' dir='ltr'>unde</span> <span class='ocrx_word' id='word_1_46' title='bbox 592 388 840 434; x_wconf 73' lang='lat' dir='ltr'>Augustinus</span> <span class='ocrx_word' id='word_1_47' title='bbox 862 388 1081 433; x_wconf 74' lang='lat' dir='ltr'>(Enchirid.‚</span> <span class='ocrx_word' id='word_1_48' title='bbox 1102 398 1134 424; x_wconf 90' lang='lat' dir='ltr'>c.</span> <span class='ocrx_word' id='word_1_49' title='bbox 1158 387 1235 432; x_wconf 70' lang='lat'>358):</span> <span class='ocrx_word' id='word_1_50' title='bbox 1259 388 1330 424; x_wconf 75' lang='lat' dir='ltr'>Nec</span> <span class='ocrx_word' id='word_1_51' title='bbox 1360 387 1454 422; x_wconf 61' lang='lat' dir='ltr'>illari</span> <span class='ocrx_word' id='word_1_52' title='bbox 1479 387 1623 432; x_wconf 69' lang='lat' dir='ltr'>quidem</span> <span class='ocrx_word' id='word_1_53' title='bbox 1653 396 1733 423; x_wconf 83' lang='lat' dir='ltr'>cer—</span> 
     </span>
     <span class='ocr_line' id='line_1_7' title="bbox 110 434 1732 480; baseline -0.001 -9"><span class='ocrx_word' id='word_1_54' title='bbox 110 439 187 472; x_wconf 82' lang='lat' dir='ltr'>tum</span> <span class='ocrx_word' id='word_1_55' title='bbox 214 437 336 480; x_wconf 70' lang='lat' dir='ltr'>habeo,</span> <span class='ocrx_word' id='word_1_56' title='bbox 357 439 479 472; x_wconf 81' lang='lat' dir='ltr'>utrum</span> <span class='ocrx_word' id='word_1_57' title='bbox 499 435 547 471; x_wconf 83' lang='lat' dir='ltr'>ad</span> <span class='ocrx_word' id='word_1_58' title='bbox 575 435 733 470; x_wconf 78' lang='lat' dir='ltr'>camdem</span> <span class='ocrx_word' id='word_1_59' title='bbox 754 437 966 475; x_wconf 74' lang='lat' dir='ltr'>societatem,</span> <span class='ocrx_word' id='word_1_60' title='bbox 990 436 1124 470; x_wconf 74' lang='lat' dir='ltr'>scilicet</span> <span class='ocrx_word' id='word_1_61' title='bbox 1153 434 1374 478; x_wconf 58' lang='lat' dir='ltr'>(inflatorum,</span> <span class='ocrx_word' id='word_1_62' title='bbox 1397 436 1605 479; x_wconf 71' lang='lat' dir='ltr'>pertincant</span> <span class='ocrx_word' id='word_1_63' title='bbox 1625 434 1678 470; x_wconf 77' lang='lat' dir='ltr'>sol</span> <span class='ocrx_word' id='word_1_64' title='bbox 1697 436 1732 471; x_wconf 80' lang='lat' dir='ltr'>et</span> 
     </span>
     <span class='ocr_line' id='line_1_8' title="bbox 111 482 1735 528; baseline 0 -9"><span class='ocrx_word' id='word_1_65' title='bbox 111 483 198 519; x_wconf 74' lang='lat' dir='ltr'>lumi</span> <span class='ocrx_word' id='word_1_66' title='bbox 219 487 251 518; x_wconf 72' lang='lat' dir='ltr'>ct</span> <span class='ocrx_word' id='word_1_67' title='bbox 270 486 397 519; x_wconf 78' lang='lat' dir='ltr'>cuncta</span> <span class='ocrx_word' id='word_1_68' title='bbox 429 483 569 525; x_wconf 80' lang='lat' dir='ltr'>sidera3</span> <span class='ocrx_word' id='word_1_69' title='bbox 592 484 755 527; x_wconf 61' lang='lat' dir='ltr'>quamuis</span> <span class='ocrx_word' id='word_1_70' title='bbox 783 483 964 518; x_wconf 76' lang='lat' dir='ltr'>nonnullis</span> <span class='ocrx_word' id='word_1_71' title='bbox 994 482 1116 517; x_wconf 56' lang='lat' dir='ltr'>lueida</span> <span class='ocrx_word' id='word_1_72' title='bbox 1144 492 1216 516; x_wconf 72' lang='lat' dir='ltr'>esse</span> <span class='ocrx_word' id='word_1_73' title='bbox 1242 491 1408 528; x_wconf 60' lang='lat' dir='ltr'>coipora,</span> <span class='ocrx_word' id='word_1_74' title='bbox 1437 492 1507 518; x_wconf 67' lang='lat' dir='ltr'>ozon</span> <span class='ocrx_word' id='word_1_75' title='bbox 1528 491 1607 518; x_wconf 77' lang='lat' dir='ltr'>cum</span> <span class='ocrx_word' id='word_1_76' title='bbox 1626 489 1735 519; x_wconf 80' lang='lat' dir='ltr'>sensu</span> 
     </span>
     <span class='ocr_line' id='line_1_9' title="bbox 111 528 1225 577; baseline -0.001 -11"><span class='ocrx_word' id='word_1_77' title='bbox 111 531 168 567; x_wconf 73' lang='lat' dir='ltr'>vel</span> <span class='ocrx_word' id='word_1_78' title='bbox 184 531 435 576; x_wconf 65' lang='lat' dir='ltr'>inte-lliqentia,</span> <span class='ocrx_word' id='word_1_79' title='bbox 454 530 660 567; x_wconf 75' lang='lat' dir='ltr'>videantur.</span> <span class='ocrx_word' id='word_1_80' title='bbox 685 529 712 574; x_wconf 90' lang='lat'>(1</span> <span class='ocrx_word' id='word_1_81' title='bbox 734 533 850 576; x_wconf 87' lang='lat' dir='ltr'>part.,</span> <span class='ocrx_word' id='word_1_82' title='bbox 872 540 910 577; x_wconf 88' lang='lat' dir='ltr'>q.</span> <span class='ocrx_word' id='word_1_83' title='bbox 931 538 1064 574; x_wconf 61' lang='lat' dir='ltr'>LXXW,</span> <span class='ocrx_word' id='word_1_84' title='bbox 1088 532 1158 565; x_wconf 88' lang='lat' dir='ltr'>art.</span> <span class='ocrx_word' id='word_1_85' title='bbox 1179 528 1225 576; x_wconf 89' lang='lat' dir='ltr'>i.)</span> 
     </span>
    </p>
   </div>
   <div class='ocr_carea' id='block_1_3' title="bbox 757 676 1092 719">
    <p class='ocr_par' dir='ltr' id='par_1_4' title="bbox 757 676 1092 719">
     <span class='ocr_line' id='line_1_10' title="bbox 757 676 1092 719; baseline 0.006 -2"><span class='ocrx_word' id='word_1_86' title='bbox 757 676 925 718; x_wconf 78' lang='lat' dir='ltr'><strong>CAPUT</strong></span> <span class='ocrx_word' id='word_1_87' title='bbox 953 677 1092 719; x_wconf 79' lang='lat' dir='ltr'><strong>LXXI.</strong></span> 
     </span>
    </p>
   </div>
   <div class='ocr_carea' id='block_1_4' title="bbox 491 796 1353 831">
    <p class='ocr_par' dir='ltr' id='par_1_5' title="bbox 491 796 1353 831">
     <span class='ocr_line' id='line_1_11' title="bbox 491 796 1353 831; baseline 0.001 -6"><span class='ocrx_word' id='word_1_88' title='bbox 491 797 590 831; x_wconf 83' lang='lat' dir='ltr'>QUOD</span> <span class='ocrx_word' id='word_1_89' title='bbox 613 797 741 826; x_wconf 73' lang='lat' dir='ltr'>ANIMA</span> <span class='ocrx_word' id='word_1_90' title='bbox 767 797 986 825; x_wconf 72' lang='lat' dir='ltr'><strong>IMMEDIATE</strong></span> <span class='ocrx_word' id='word_1_91' title='bbox 1011 796 1154 826; x_wconf 83' lang='lat' dir='ltr'><strong>UNITUR</strong></span> <span class='ocrx_word' id='word_1_92' title='bbox 1179 797 1353 827; x_wconf 84' lang='lat' dir='ltr'>CORPORI.</span> 
     </span>
    </p>
   </div>
   <div class='ocr_carea' id='block_1_5' title="bbox 114 905 1734 1846">
    <p class='ocr_par' dir='ltr' id='par_1_6' title="bbox 114 905 1728 1094">
     <span class='ocr_line' id='line_1_12' title="bbox 162 905 1727 953; baseline 0 -9"><span class='ocrx_word' id='word_1_93' title='bbox 162 909 215 944; x_wconf 80' lang='lat' dir='ltr'>Ex</span> <span class='ocrx_word' id='word_1_94' title='bbox 233 906 454 953; x_wconf 65' lang='lat' dir='ltr'>praemissis</span> <span class='ocrx_word' id='word_1_95' title='bbox 482 911 613 944; x_wconf 82' lang='lat' dir='ltr'>autem</span> <span class='ocrx_word' id='word_1_96' title='bbox 643 905 826 944; x_wconf 87' lang='lat' dir='ltr'>concludi</span> <span class='ocrx_word' id='word_1_97' title='bbox 858 909 989 952; x_wconf 87' lang='lat' dir='ltr'>potest</span> <span class='ocrx_word' id='word_1_98' title='bbox 1020 906 1126 953; x_wconf 87' lang='lat' dir='ltr'>quod</span> <span class='ocrx_word' id='word_1_99' title='bbox 1159 906 1292 944; x_wconf 83' lang='lat' dir='ltr'>anima</span> <span class='ocrx_word' id='word_1_100' title='bbox 1320 905 1546 944; x_wconf 84' lang='lat' dir='ltr'>immediate</span> <span class='ocrx_word' id='word_1_101' title='bbox 1569 906 1727 953; x_wconf 79' lang='lat' dir='ltr'>corpori</span> 
     </span>
     <span class='ocr_line' id='line_1_13' title="bbox 114 953 1726 1000; baseline 0.001 -9"><span class='ocrx_word' id='word_1_102' title='bbox 114 955 277 999; x_wconf 84' lang='lat' dir='ltr'>unitur;</span> <span class='ocrx_word' id='word_1_103' title='bbox 311 964 383 991; x_wconf 89' lang='lat' dir='ltr'>nec</span> <span class='ocrx_word' id='word_1_104' title='bbox 419 957 571 1000; x_wconf 83' lang='lat' dir='ltr'>oportet</span> <span class='ocrx_word' id='word_1_105' title='bbox 608 963 754 999; x_wconf 86' lang='lat' dir='ltr'>ponere</span> <span class='ocrx_word' id='word_1_106' title='bbox 793 953 953 1000; x_wconf 85' lang='lat' dir='ltr'>aliquod</span> <span class='ocrx_word' id='word_1_107' title='bbox 992 953 1166 990; x_wconf 88' lang='lat' dir='ltr'>medium</span> <span class='ocrx_word' id='word_1_108' title='bbox 1203 953 1316 1000; x_wconf 81' lang='lat' dir='ltr'>quasi</span> <span class='ocrx_word' id='word_1_109' title='bbox 1356 954 1529 991; x_wconf 86' lang='lat' dir='ltr'>animam</span> <span class='ocrx_word' id='word_1_110' title='bbox 1569 954 1726 1000; x_wconf 81' lang='lat' dir='ltr'>corpori</span> 
     </span>
     <span class='ocr_line' id='line_1_14' title="bbox 114 1000 1728 1047; baseline 0.001 -9"><span class='ocrx_word' id='word_1_111' title='bbox 114 1003 259 1039; x_wconf 85' lang='lat' dir='ltr'>uniens</span> <span class='ocrx_word' id='word_1_112' title='bbox 282 1013 290 1037; x_wconf 76' lang='grc' dir='ltr'>ε</span> <span class='ocrx_word' id='word_1_113' title='bbox 311 1001 370 1037; x_wconf 83' lang='lat' dir='ltr'>vei</span> <span class='ocrx_word' id='word_1_114' title='bbox 401 1001 691 1047; x_wconf 80' lang='lat' dir='ltr'>phantasmata,</span> <span class='ocrx_word' id='word_1_115' title='bbox 724 1000 827 1037; x_wconf 86' lang='lat' dir='ltr'>sicut</span> <span class='ocrx_word' id='word_1_116' title='bbox 857 1000 950 1037; x_wconf 88' lang='lat' dir='ltr'>dicit</span> <span class='ocrx_word' id='word_1_117' title='bbox 981 1001 1307 1043; x_wconf 80' lang='lat' dir='ltr'>Ave1·i·iioes;vcl</span> <span class='ocrx_word' id='word_1_118' title='bbox 1350 1002 1547 1046; x_wconf 77' lang='lat' dir='ltr'>potentias</span> <span class='ocrx_word' id='word_1_119' title='bbox 1584 1002 1728 1047; x_wconf 85' lang='lat' dir='ltr'>ipsius,</span> 
     </span>
     <span class='ocr_line' id='line_1_15' title="bbox 116 1047 1728 1094; baseline -0.001 -8"><span class='ocrx_word' id='word_1_120' title='bbox 116 1049 218 1086; x_wconf 87' lang='lat' dir='ltr'>sicut</span> <span class='ocrx_word' id='word_1_121' title='bbox 239 1048 398 1094; x_wconf 84' lang='lat' dir='ltr'>quidam</span> <span class='ocrx_word' id='word_1_122' title='bbox 420 1048 581 1091; x_wconf 89' lang='lat' dir='ltr'>dicunt;</span> <span class='ocrx_word' id='word_1_123' title='bbox 603 1047 663 1084; x_wconf 90' lang='lat' dir='ltr'>vel</span> <span class='ocrx_word' id='word_1_124' title='bbox 685 1048 801 1084; x_wconf 91' lang='lat' dir='ltr'>etiam</span> <span class='ocrx_word' id='word_1_125' title='bbox 824 1047 1006 1092; x_wconf 85' lang='lat' dir='ltr'>spiritum</span> <span class='ocrx_word' id='word_1_126' title='bbox 1034 1048 1296 1093; x_wconf 83' lang='lat' dir='ltr'>corporalem,</span> <span class='ocrx_word' id='word_1_127' title='bbox 1320 1048 1423 1084; x_wconf 86' lang='lat' dir='ltr'>sicut</span> <span class='ocrx_word' id='word_1_128' title='bbox 1442 1049 1507 1084; x_wconf 79' lang='lat' dir='ltr'>alii</span> <span class='ocrx_word' id='word_1_129' title='bbox 1532 1048 1728 1086; x_wconf 72' lang='lat' dir='ltr'>dixerunt.</span> 
     </span>
    </p>

    <p class='ocr_par' dir='ltr' id='par_1_7' title="bbox 115 1094 1733 1376">
     <span class='ocr_line' id='line_1_16' title="bbox 164 1094 1732 1140; baseline 0 -8"><span class='ocrx_word' id='word_1_130' title='bbox 164 1097 375 1132; x_wconf 83' lang='lat' dir='ltr'>ostensum</span> <span class='ocrx_word' id='word_1_131' title='bbox 398 1098 458 1131; x_wconf 87' lang='lat' dir='ltr'>est</span> <span class='ocrx_word' id='word_1_132' title='bbox 486 1095 591 1131; x_wconf 85' lang='lat' dir='ltr'>enim</span> <span class='ocrx_word' id='word_1_133' title='bbox 625 1094 730 1140; x_wconf 85' lang='lat' dir='ltr'>quod</span> <span class='ocrx_word' id='word_1_134' title='bbox 761 1094 893 1131; x_wconf 79' lang='lat' dir='ltr'>anima</span> <span class='ocrx_word' id='word_1_135' title='bbox 926 1094 1063 1130; x_wconf 86' lang='lat' dir='ltr'>unitur</span> <span class='ocrx_word' id='word_1_136' title='bbox 1081 1094 1236 1140; x_wconf 81' lang='lat' dir='ltr'>corpori</span> <span class='ocrx_word' id='word_1_137' title='bbox 1260 1097 1301 1130; x_wconf 87' lang='lat' dir='ltr'>ut</span> <span class='ocrx_word' id='word_1_138' title='bbox 1322 1094 1447 1130; x_wconf 80' lang='lat' dir='ltr'>forma</span> <span class='ocrx_word' id='word_1_139' title='bbox 1468 1095 1580 1140; x_wconf 77' lang='lat' dir='ltr'>ejus;</span> <span class='ocrx_word' id='word_1_140' title='bbox 1604 1096 1732 1132; x_wconf 82' lang='lat' dir='ltr'>forma</span> 
     </span>
     <span class='ocr_line' id='line_1_17' title="bbox 115 1141 1732 1188; baseline 0 -9"><span class='ocrx_word' id='word_1_141' title='bbox 115 1146 245 1179; x_wconf 86' lang='lat' dir='ltr'>autem</span> <span class='ocrx_word' id='word_1_142' title='bbox 266 1142 402 1178; x_wconf 86' lang='lat' dir='ltr'>unitur</span> <span class='ocrx_word' id='word_1_143' title='bbox 421 1141 595 1178; x_wconf 66' lang='lat' dir='ltr'>materiae</span> <span class='ocrx_word' id='word_1_144' title='bbox 615 1142 763 1188; x_wconf 83' lang='lat' dir='ltr'>absque</span> <span class='ocrx_word' id='word_1_145' title='bbox 785 1142 892 1178; x_wconf 90' lang='lat' dir='ltr'>omni</span> <span class='ocrx_word' id='word_1_146' title='bbox 916 1142 1072 1185; x_wconf 74' lang='lat' dir='ltr'>medio,</span> <span class='ocrx_word' id='word_1_147' title='bbox 1095 1151 1163 1187; x_wconf 89' lang='lat' dir='ltr'>per</span> <span class='ocrx_word' id='word_1_148' title='bbox 1181 1151 1223 1179; x_wconf 86' lang='lat' dir='ltr'>se</span> <span class='ocrx_word' id='word_1_149' title='bbox 1250 1141 1355 1178; x_wconf 83' lang='lat' dir='ltr'>enim</span> <span class='ocrx_word' id='word_1_150' title='bbox 1389 1142 1575 1188; x_wconf 78' lang='lat' dir='ltr'>competit</span> <span class='ocrx_word' id='word_1_151' title='bbox 1594 1142 1732 1179; x_wconf 76' lang='lat' dir='ltr'>sormae</span> 
     </span>
     <span class='ocr_line' id='line_1_18' title="bbox 115 1189 1731 1236; baseline 0 -10"><span class='ocrx_word' id='word_1_152' title='bbox 115 1189 218 1236; x_wconf 86' lang='lat' dir='ltr'>quod</span> <span class='ocrx_word' id='word_1_153' title='bbox 243 1189 294 1226; x_wconf 85' lang='lat' dir='ltr'>sit</span> <span class='ocrx_word' id='word_1_154' title='bbox 323 1193 435 1226; x_wconf 85' lang='lat' dir='ltr'>actus</span> <span class='ocrx_word' id='word_1_155' title='bbox 461 1189 655 1234; x_wconf 89' lang='lat' dir='ltr'>corporis,</span> <span class='ocrx_word' id='word_1_156' title='bbox 675 1193 711 1225; x_wconf 88' lang='lat' dir='ltr'>et</span> <span class='ocrx_word' id='word_1_157' title='bbox 732 1197 811 1225; x_wconf 90' lang='lat' dir='ltr'>non</span> <span class='ocrx_word' id='word_1_158' title='bbox 846 1198 914 1234; x_wconf 86' lang='lat' dir='ltr'>per</span> <span class='ocrx_word' id='word_1_159' title='bbox 945 1189 1094 1235; x_wconf 79' lang='lat' dir='ltr'>aliquid</span> <span class='ocrx_word' id='word_1_160' title='bbox 1117 1189 1250 1232; x_wconf 87' lang='lat' dir='ltr'>atiud;</span> <span class='ocrx_word' id='word_1_161' title='bbox 1275 1189 1377 1225; x_wconf 89' lang='lat' dir='ltr'>unde</span> <span class='ocrx_word' id='word_1_162' title='bbox 1402 1198 1474 1225; x_wconf 83' lang='lat' dir='ltr'>nec</span> <span class='ocrx_word' id='word_1_163' title='bbox 1496 1193 1557 1225; x_wconf 87' lang='lat' dir='ltr'>est</span> <span class='ocrx_word' id='word_1_164' title='bbox 1579 1189 1731 1236; x_wconf 82' lang='lat' dir='ltr'>aliquid</span> 
     </span>
     <span class='ocr_line' id='line_1_19' title="bbox 115 1235 1732 1282; baseline 0 -9"><span class='ocrx_word' id='word_1_165' title='bbox 115 1245 238 1274; x_wconf 88' lang='lat' dir='ltr'>unum</span> <span class='ocrx_word' id='word_1_166' title='bbox 261 1236 411 1273; x_wconf 85' lang='lat' dir='ltr'>faciens</span> <span class='ocrx_word' id='word_1_167' title='bbox 429 1245 477 1272; x_wconf 82' lang='lat' dir='ltr'>ex</span> <span class='ocrx_word' id='word_1_168' title='bbox 495 1236 660 1272; x_wconf 87' lang='lat' dir='ltr'>materia</span> <span class='ocrx_word' id='word_1_169' title='bbox 681 1239 717 1272; x_wconf 87' lang='lat' dir='ltr'>et</span> <span class='ocrx_word' id='word_1_170' title='bbox 738 1236 878 1279; x_wconf 81' lang='lat' dir='ltr'>forma,</span> <span class='ocrx_word' id='word_1_171' title='bbox 902 1236 978 1272; x_wconf 87' lang='lat' dir='ltr'>nisi</span> <span class='ocrx_word' id='word_1_172' title='bbox 999 1245 1123 1282; x_wconf 76' lang='lat' dir='ltr'>agens</span> <span class='ocrx_word' id='word_1_173' title='bbox 1145 1236 1249 1282; x_wconf 89' lang='lat' dir='ltr'>quod</span> <span class='ocrx_word' id='word_1_174' title='bbox 1271 1235 1489 1281; x_wconf 79' lang='lat' dir='ltr'>potentiam</span> <span class='ocrx_word' id='word_1_175' title='bbox 1513 1236 1663 1274; x_wconf 84' lang='lat' dir='ltr'>reducit</span> <span class='ocrx_word' id='word_1_176' title='bbox 1683 1236 1732 1273; x_wconf 90' lang='lat' dir='ltr'>ad</span> 
     </span>
     <span class='ocr_line' id='line_1_20' title="bbox 115 1283 1733 1330; baseline 0 -10"><span class='ocrx_word' id='word_1_177' title='bbox 115 1287 259 1327; x_wconf 85' lang='lat' dir='ltr'>actum,</span> <span class='ocrx_word' id='word_1_178' title='bbox 283 1287 326 1320; x_wconf 84' lang='lat' dir='ltr'>ut</span> <span class='ocrx_word' id='word_1_179' title='bbox 355 1283 493 1329; x_wconf 83' lang='lat' dir='ltr'>probat</span> <span class='ocrx_word' id='word_1_180' title='bbox 523 1283 754 1320; x_wconf 82' lang='lat' dir='ltr'>Aristoteles</span> <span class='ocrx_word' id='word_1_181' title='bbox 773 1283 1021 1328; x_wconf 71' lang='lat' dir='ltr'>(Metaphysic.</span> <span class='ocrx_word' id='word_1_182' title='bbox 1040 1292 1120 1326; x_wconf 83' lang='lat' dir='ltr'>viu,</span> <span class='ocrx_word' id='word_1_183' title='bbox 1143 1287 1235 1320; x_wconf 74' lang='lat' dir='ltr'>text.</span> <span class='ocrx_word' id='word_1_184' title='bbox 1267 1292 1411 1320; x_wconf 87' lang='lat' dir='ltr'>comm.</span> <span class='ocrx_word' id='word_1_185' title='bbox 1446 1283 1616 1330; x_wconf 86' lang='lat' dir='ltr'>ultim.);</span> <span class='ocrx_word' id='word_1_186' title='bbox 1639 1292 1733 1321; x_wconf 89' lang='lat' dir='ltr'>nam-</span> 
     </span>
     <span class='ocr_line' id='line_1_21' title="bbox 117 1330 1166 1376; baseline -0.001 -9"><span class='ocrx_word' id='word_1_187' title='bbox 117 1331 283 1368; x_wconf 84' lang='lat' dir='ltr'>materia</span> <span class='ocrx_word' id='word_1_188' title='bbox 303 1333 340 1367; x_wconf 88' lang='lat' dir='ltr'>et</span> <span class='ocrx_word' id='word_1_189' title='bbox 360 1330 486 1367; x_wconf 83' lang='lat' dir='ltr'>forma</span> <span class='ocrx_word' id='word_1_190' title='bbox 503 1339 545 1367; x_wconf 89' lang='lat' dir='ltr'>se</span> <span class='ocrx_word' id='word_1_191' title='bbox 564 1330 710 1367; x_wconf 87' lang='lat' dir='ltr'>habent</span> <span class='ocrx_word' id='word_1_192' title='bbox 727 1333 769 1367; x_wconf 90' lang='lat' dir='ltr'>ut</span> <span class='ocrx_word' id='word_1_193' title='bbox 788 1330 964 1376; x_wconf 87' lang='lat' dir='ltr'>potentia</span> <span class='ocrx_word' id='word_1_194' title='bbox 984 1334 1021 1367; x_wconf 89' lang='lat' dir='ltr'>et</span> <span class='ocrx_word' id='word_1_195' title='bbox 1041 1334 1166 1367; x_wconf 83' lang='lat' dir='ltr'>actus.</span> 
     </span>
    </p>

    <p class='ocr_par' dir='ltr' id='par_1_8' title="bbox 116 1377 1734 1846">
     <span class='ocr_line' id='line_1_22' title="bbox 165 1377 1731 1425; baseline 0 -11"><span class='ocrx_word' id='word_1_196' title='bbox 165 1379 299 1415; x_wconf 85' lang='lat' dir='ltr'>Potest</span> <span class='ocrx_word' id='word_1_197' title='bbox 318 1381 450 1414; x_wconf 84' lang='lat' dir='ltr'>tamen</span> <span class='ocrx_word' id='word_1_198' title='bbox 472 1377 548 1414; x_wconf 88' lang='lat' dir='ltr'>dici</span> <span class='ocrx_word' id='word_1_199' title='bbox 581 1377 729 1425; x_wconf 85' lang='lat' dir='ltr'>aliquid</span> <span class='ocrx_word' id='word_1_200' title='bbox 763 1386 852 1414; x_wconf 86' lang='lat' dir='ltr'>esse</span> <span class='ocrx_word' id='word_1_201' title='bbox 884 1377 1059 1414; x_wconf 89' lang='lat' dir='ltr'>medium</span> <span class='ocrx_word' id='word_1_202' title='bbox 1091 1377 1194 1414; x_wconf 84' lang='lat' dir='ltr'>inter</span> <span class='ocrx_word' id='word_1_203' title='bbox 1224 1377 1396 1414; x_wconf 87' lang='lat' dir='ltr'>animam</span> <span class='ocrx_word' id='word_1_204' title='bbox 1419 1381 1456 1414; x_wconf 89' lang='lat' dir='ltr'>et</span> <span class='ocrx_word' id='word_1_205' title='bbox 1475 1387 1634 1423; x_wconf 86' lang='lat' dir='ltr'>corpus,</span> <span class='ocrx_word' id='word_1_206' title='bbox 1656 1378 1731 1415; x_wconf 84' lang='lat' dir='ltr'>etsi</span> 
     </span>
     <span class='ocr_line' id='line_1_23' title="bbox 118 1424 1731 1471; baseline 0 -10"><span class='ocrx_word' id='word_1_207' title='bbox 118 1433 196 1461; x_wconf 92' lang='lat' dir='ltr'>non</span> <span class='ocrx_word' id='word_1_208' title='bbox 219 1425 259 1461; x_wconf 89' lang='lat' dir='ltr'>in</span> <span class='ocrx_word' id='word_1_209' title='bbox 281 1425 466 1469; x_wconf 86' lang='lat' dir='ltr'>essendo,</span> <span class='ocrx_word' id='word_1_210' title='bbox 489 1429 621 1462; x_wconf 84' lang='lat' dir='ltr'>tamen</span> <span class='ocrx_word' id='word_1_211' title='bbox 657 1425 698 1461; x_wconf 86' lang='lat' dir='ltr'>in</span> <span class='ocrx_word' id='word_1_212' title='bbox 732 1424 929 1462; x_wconf 87' lang='lat' dir='ltr'>movendo</span> <span class='ocrx_word' id='word_1_213' title='bbox 958 1428 997 1461; x_wconf 86' lang='lat' dir='ltr'>et</span> <span class='ocrx_word' id='word_1_214' title='bbox 1016 1425 1058 1461; x_wconf 86' lang='lat' dir='ltr'>in</span> <span class='ocrx_word' id='word_1_215' title='bbox 1076 1425 1140 1461; x_wconf 85' lang='lat' dir='ltr'>via</span> <span class='ocrx_word' id='word_1_216' title='bbox 1156 1425 1443 1471; x_wconf 77' lang='lat' dir='ltr'>generationis.</span> <span class='ocrx_word' id='word_1_217' title='bbox 1472 1427 1513 1461; x_wconf 88' lang='lat' dir='ltr'>ln</span> <span class='ocrx_word' id='word_1_218' title='bbox 1536 1424 1731 1461; x_wconf 85' lang='lat' dir='ltr'>movendo</span> 
     </span>
     <span class='ocr_line' id='line_1_24' title="bbox 116 1471 1732 1518; baseline 0 -10"><span class='ocrx_word' id='word_1_219' title='bbox 116 1471 291 1518; x_wconf 85' lang='lat' dir='ltr'>quidem,</span> <span class='ocrx_word' id='word_1_220' title='bbox 309 1472 415 1518; x_wconf 71' lang='lat' dir='ltr'>quia,</span> <span class='ocrx_word' id='word_1_221' title='bbox 438 1472 478 1508; x_wconf 90' lang='lat' dir='ltr'>in</span> <span class='ocrx_word' id='word_1_222' title='bbox 500 1475 608 1508; x_wconf 88' lang='lat' dir='ltr'>motu</span> <span class='ocrx_word' id='word_1_223' title='bbox 631 1481 709 1518; x_wconf 86' lang='lat' dir='ltr'>quo</span> <span class='ocrx_word' id='word_1_224' title='bbox 732 1472 864 1508; x_wconf 86' lang='lat' dir='ltr'>anima</span> <span class='ocrx_word' id='word_1_225' title='bbox 886 1475 1014 1508; x_wconf 87' lang='lat' dir='ltr'>movet</span> <span class='ocrx_word' id='word_1_226' title='bbox 1033 1481 1191 1518; x_wconf 88' lang='lat' dir='ltr'>corpus,</span> <span class='ocrx_word' id='word_1_227' title='bbox 1215 1475 1275 1508; x_wconf 87' lang='lat' dir='ltr'>est</span> <span class='ocrx_word' id='word_1_228' title='bbox 1305 1472 1466 1518; x_wconf 81' lang='lat' dir='ltr'>quidam</span> <span class='ocrx_word' id='word_1_229' title='bbox 1488 1472 1585 1508; x_wconf 90' lang='lat' dir='ltr'>ordo</span> <span class='ocrx_word' id='word_1_230' title='bbox 1605 1471 1732 1507; x_wconf 80' lang='lat' dir='ltr'>mohi-</span> 
     </span>
     <span class='ocr_line' id='line_1_25' title="bbox 118 1517 1734 1564; baseline 0.001 -10"><span class='ocrx_word' id='word_1_231' title='bbox 118 1517 215 1555; x_wconf 88' lang='lat' dir='ltr'>lium</span> <span class='ocrx_word' id='word_1_232' title='bbox 245 1522 282 1554; x_wconf 87' lang='lat' dir='ltr'>et</span> <span class='ocrx_word' id='word_1_233' title='bbox 312 1522 510 1556; x_wconf 87' lang='lat' dir='ltr'>motorum</span> <span class='ocrx_word' id='word_1_234' title='bbox 528 1530 537 1562; x_wconf 88' lang='grc'>;</span> <span class='ocrx_word' id='word_1_235' title='bbox 556 1519 688 1555; x_wconf 83' lang='lat' dir='ltr'>anima</span> <span class='ocrx_word' id='word_1_236' title='bbox 721 1518 824 1555; x_wconf 84' lang='lat' dir='ltr'>enim</span> <span class='ocrx_word' id='word_1_237' title='bbox 858 1527 999 1555; x_wconf 88' lang='lat' dir='ltr'>omnes</span> <span class='ocrx_word' id='word_1_238' title='bbox 1020 1519 1275 1564; x_wconf 80' lang='lat' dir='ltr'>operationes</span> <span class='ocrx_word' id='word_1_239' title='bbox 1294 1527 1389 1556; x_wconf 85' lang='lat' dir='ltr'>suas</span> <span class='ocrx_word' id='word_1_240' title='bbox 1408 1518 1526 1555; x_wconf 79' lang='lat' dir='ltr'>essscit</span> <span class='ocrx_word' id='word_1_241' title='bbox 1547 1528 1616 1564; x_wconf 82' lang='lat' dir='ltr'>per</span> <span class='ocrx_word' id='word_1_242' title='bbox 1637 1527 1734 1556; x_wconf 86' lang='lat' dir='ltr'>suas</span> 
     </span>
     <span class='ocr_line' id='line_1_26' title="bbox 116 1565 1731 1611; baseline -0.001 -9"><span class='ocrx_word' id='word_1_243' title='bbox 116 1565 336 1611; x_wconf 77' lang='lat' dir='ltr'>potentias3</span> <span class='ocrx_word' id='word_1_244' title='bbox 358 1565 477 1611; x_wconf 89' lang='lat' dir='ltr'>unde,</span> <span class='ocrx_word' id='word_1_245' title='bbox 511 1565 710 1602; x_wconf 85' lang='lat' dir='ltr'>mediante</span> <span class='ocrx_word' id='word_1_246' title='bbox 741 1566 931 1611; x_wconf 84' lang='lat' dir='ltr'>potentia,</span> <span class='ocrx_word' id='word_1_247' title='bbox 966 1570 1096 1602; x_wconf 82' lang='lat' dir='ltr'>movet</span> <span class='ocrx_word' id='word_1_248' title='bbox 1128 1575 1287 1611; x_wconf 91' lang='lat' dir='ltr'>corpus,</span> <span class='ocrx_word' id='word_1_249' title='bbox 1318 1569 1356 1602; x_wconf 91' lang='lat' dir='ltr'>ct</span> <span class='ocrx_word' id='word_1_250' title='bbox 1382 1565 1510 1603; x_wconf 85' lang='lat' dir='ltr'>adhuc</span> <span class='ocrx_word' id='word_1_251' title='bbox 1540 1565 1731 1609; x_wconf 84' lang='lat' dir='ltr'>membra,</span> 
     </span>
     <span class='ocr_line' id='line_1_27' title="bbox 117 1612 1731 1660; baseline -0.001 -11"><span class='ocrx_word' id='word_1_252' title='bbox 117 1612 314 1649; x_wconf 83' lang='lat' dir='ltr'>mediante</span> <span class='ocrx_word' id='word_1_253' title='bbox 336 1613 491 1659; x_wconf 88' lang='lat' dir='ltr'>spiritu,</span> <span class='ocrx_word' id='word_1_254' title='bbox 518 1616 556 1649; x_wconf 88' lang='lat' dir='ltr'>et</span> <span class='ocrx_word' id='word_1_255' title='bbox 584 1612 750 1649; x_wconf 71' lang='lat' dir='ltr'>ulterius</span> <span class='ocrx_word' id='word_1_256' title='bbox 785 1621 908 1649; x_wconf 87' lang='lat' dir='ltr'>unum</span> <span class='ocrx_word' id='word_1_257' title='bbox 943 1622 1151 1660; x_wconf 86' lang='lat' dir='ltr'>organum,</span> <span class='ocrx_word' id='word_1_258' title='bbox 1173 1613 1370 1650; x_wconf 75' lang='lat' dir='ltr'>mediante</span> <span class='ocrx_word' id='word_1_259' title='bbox 1400 1613 1479 1649; x_wconf 83' lang='lat' dir='ltr'>aiio</span> <span class='ocrx_word' id='word_1_260' title='bbox 1500 1621 1664 1659; x_wconf 83' lang='lat' dir='ltr'>organo.</span> <span class='ocrx_word' id='word_1_261' title='bbox 1688 1614 1731 1649; x_wconf 89' lang='lat' dir='ltr'>In</span> 
     </span>
     <span class='ocr_line' id='line_1_28' title="bbox 116 1659 1730 1706; baseline 0.001 -11"><span class='ocrx_word' id='word_1_262' title='bbox 116 1659 180 1696; x_wconf 85' lang='lat' dir='ltr'>via</span> <span class='ocrx_word' id='word_1_263' title='bbox 209 1664 341 1696; x_wconf 88' lang='lat' dir='ltr'>autem</span> <span class='ocrx_word' id='word_1_264' title='bbox 373 1659 656 1706; x_wconf 84' lang='lat' dir='ltr'>generationis,</span> <span class='ocrx_word' id='word_1_265' title='bbox 678 1659 964 1705; x_wconf 88' lang='lat' dir='ltr'>dispositiones</span> <span class='ocrx_word' id='word_1_266' title='bbox 998 1660 1047 1696; x_wconf 80' lang='lat' dir='ltr'>ad</span> <span class='ocrx_word' id='word_1_267' title='bbox 1068 1660 1233 1697; x_wconf 83' lang='lat' dir='ltr'>formam</span> <span class='ocrx_word' id='word_1_268' title='bbox 1254 1659 1481 1706; x_wconf 71' lang='lat' dir='ltr'>praecedunt</span> <span class='ocrx_word' id='word_1_269' title='bbox 1500 1659 1667 1696; x_wconf 85' lang='lat' dir='ltr'>sormam</span> <span class='ocrx_word' id='word_1_270' title='bbox 1687 1659 1730 1696; x_wconf 87' lang='lat' dir='ltr'>in</span> 
     </span>
     <span class='ocr_line' id='line_1_29' title="bbox 116 1706 1729 1753; baseline -0.001 -9"><span class='ocrx_word' id='word_1_271' title='bbox 116 1707 295 1750; x_wconf 84' lang='lat' dir='ltr'>materia,</span> <span class='ocrx_word' id='word_1_272' title='bbox 318 1706 499 1752; x_wconf 79' lang='lat' dir='ltr'>quamvis</span> <span class='ocrx_word' id='word_1_273' title='bbox 517 1706 596 1744; x_wconf 88' lang='lat' dir='ltr'>sint</span> <span class='ocrx_word' id='word_1_274' title='bbox 611 1707 852 1752; x_wconf 82' lang='lat' dir='ltr'>posteriores</span> <span class='ocrx_word' id='word_1_275' title='bbox 874 1707 914 1743; x_wconf 89' lang='lat' dir='ltr'>in</span> <span class='ocrx_word' id='word_1_276' title='bbox 936 1707 1132 1752; x_wconf 87' lang='lat' dir='ltr'>essendo;</span> <span class='ocrx_word' id='word_1_277' title='bbox 1157 1706 1262 1743; x_wconf 83' lang='lat' dir='ltr'>unde</span> <span class='ocrx_word' id='word_1_278' title='bbox 1283 1711 1320 1744; x_wconf 92' lang='lat' dir='ltr'>et</span> <span class='ocrx_word' id='word_1_279' title='bbox 1339 1706 1625 1753; x_wconf 88' lang='lat' dir='ltr'>dispositiones</span> <span class='ocrx_word' id='word_1_280' title='bbox 1646 1714 1729 1743; x_wconf 78' lang='lat' dir='ltr'>cor·</span> 
     </span>
     <span class='ocr_line' id='line_1_30' title="bbox 116 1753 1730 1801; baseline 0 -11"><span class='ocrx_word' id='word_1_281' title='bbox 116 1753 241 1800; x_wconf 88' lang='lat' dir='ltr'>pori&#39;s,</span> <span class='ocrx_word' id='word_1_282' title='bbox 261 1753 405 1800; x_wconf 85' lang='lat' dir='ltr'>quibus</span> <span class='ocrx_word' id='word_1_283' title='bbox 440 1753 480 1790; x_wconf 84' lang='lat' dir='ltr'>fit</span> <span class='ocrx_word' id='word_1_284' title='bbox 517 1754 719 1799; x_wconf 84' lang='lat' dir='ltr'>proprium</span> <span class='ocrx_word' id='word_1_285' title='bbox 742 1754 983 1799; x_wconf 82' lang='lat' dir='ltr'>perfectibile</span> <span class='ocrx_word' id='word_1_286' title='bbox 1014 1754 1106 1791; x_wconf 84' lang='lat' dir='ltr'>talis</span> <span class='ocrx_word' id='word_1_287' title='bbox 1137 1753 1286 1800; x_wconf 79' lang='lat' dir='ltr'>formae,</span> <span class='ocrx_word' id='word_1_288' title='bbox 1309 1754 1385 1791; x_wconf 88' lang='lat' dir='ltr'>hoc</span> <span class='ocrx_word' id='word_1_289' title='bbox 1415 1753 1534 1792; x_wconf 85' lang='lat' dir='ltr'>modo</span> <span class='ocrx_word' id='word_1_290' title='bbox 1554 1755 1730 1801; x_wconf 81' lang='lat' dir='ltr'>possunt</span> 
     </span>
     <span class='ocr_line' id='line_1_31' title="bbox 116 1800 909 1846; baseline 0 -8"><span class='ocrx_word' id='word_1_291' title='bbox 116 1800 195 1839; x_wconf 85' lang='lat' dir='ltr'>dici</span> <span class='ocrx_word' id='word_1_292' title='bbox 216 1800 356 1838; x_wconf 88' lang='lat' dir='ltr'>mediae</span> <span class='ocrx_word' id='word_1_293' title='bbox 377 1800 481 1838; x_wconf 87' lang='lat' dir='ltr'>inter</span> <span class='ocrx_word' id='word_1_294' title='bbox 501 1800 675 1839; x_wconf 84' lang='lat' dir='ltr'>animam</span> <span class='ocrx_word' id='word_1_295' title='bbox 696 1804 734 1837; x_wconf 85' lang='lat' dir='ltr'>ct</span> <span class='ocrx_word' id='word_1_296' title='bbox 753 1809 909 1846; x_wconf 86' lang='lat' dir='ltr'>corpus.</span> 
     </span>
    </p>
   </div>
   <div class='ocr_carea' id='block_1_6' title="bbox 749 1946 1096 1989">
    <p class='ocr_par' dir='ltr' id='par_1_9' title="bbox 749 1946 1096 1989">
     <span class='ocr_line' id='line_1_32' title="bbox 749 1946 1096 1989; baseline 0.003 -1"><span class='ocrx_word' id='word_1_297' title='bbox 749 1946 921 1989; x_wconf 87' lang='lat' dir='ltr'><strong>CAPUT</strong></span> <span class='ocrx_word' id='word_1_298' title='bbox 939 1946 1096 1989; x_wconf 85' lang='lat' dir='ltr'>LXXII.</span> 
     </span>
    </p>
   </div>
   <div class='ocr_carea' id='block_1_7' title="bbox 311 2067 1538 2102">
    <p class='ocr_par' dir='ltr' id='par_1_10' title="bbox 311 2067 1538 2102">
     <span class='ocr_line' id='line_1_33' title="bbox 311 2067 1538 2102; baseline 0.003 -6"><span class='ocrx_word' id='word_1_299' title='bbox 311 2067 411 2102; x_wconf 87' lang='lat' dir='ltr'>QUOD</span> <span class='ocrx_word' id='word_1_300' title='bbox 430 2067 558 2097; x_wconf 77' lang='lat' dir='ltr'>ANIMA</span> <span class='ocrx_word' id='word_1_301' title='bbox 577 2068 636 2097; x_wconf 91' lang='lat' dir='ltr'>SlT</span> <span class='ocrx_word' id='word_1_302' title='bbox 652 2067 756 2098; x_wconf 86' lang='lat' dir='ltr'><strong>TOTA</strong></span> <span class='ocrx_word' id='word_1_303' title='bbox 771 2067 814 2097; x_wconf 88' lang='lat' dir='ltr'>IN</span> <span class='ocrx_word' id='word_1_304' title='bbox 829 2067 926 2098; x_wconf 87' lang='grc' dir='ltr'>ΤΟΤΟ</span> <span class='ocrx_word' id='word_1_305' title='bbox 943 2068 992 2098; x_wconf 87' lang='grc' dir='ltr'>ΕΤ</span> <span class='ocrx_word' id='word_1_306' title='bbox 1009 2068 1111 2098; x_wconf 86' lang='lat' dir='ltr'><strong>TOTA</strong></span> <span class='ocrx_word' id='word_1_307' title='bbox 1127 2068 1169 2097; x_wconf 87' lang='lat' dir='ltr'>IN</span> <span class='ocrx_word' id='word_1_308' title='bbox 1189 2067 1380 2102; x_wconf 84' lang='lat' dir='ltr'><strong>QUALIBET</strong></span> <span class='ocrx_word' id='word_1_309' title='bbox 1398 2069 1538 2100; x_wconf 79' lang='lat' dir='ltr'><strong>PARTE.</strong></span> 
     </span>
    </p>
   </div>
   <div class='ocr_carea' id='block_1_8' title="bbox 118 2175 1736 2928">
    <p class='ocr_par' dir='ltr' id='par_1_11' title="bbox 119 2175 1736 2270">
     <span class='ocr_line' id='line_1_34' title="bbox 166 2175 1736 2228; baseline 0.003 -15"><span class='ocrx_word' id='word_1_310' title='bbox 166 2176 239 2212; x_wconf 86' lang='lat' dir='ltr'>Per</span> <span class='ocrx_word' id='word_1_311' title='bbox 256 2175 391 2228; x_wconf 77' lang='lat' dir='ltr'>eadem</span> <span class='ocrx_word' id='word_1_312' title='bbox 413 2180 546 2214; x_wconf 83' lang='lat' dir='ltr'>autem</span> <span class='ocrx_word' id='word_1_313' title='bbox 563 2177 720 2214; x_wconf 88' lang='lat' dir='ltr'>ostendi</span> <span class='ocrx_word' id='word_1_314' title='bbox 742 2179 874 2223; x_wconf 83' lang='lat' dir='ltr'>potest</span> <span class='ocrx_word' id='word_1_315' title='bbox 891 2176 1066 2216; x_wconf 83' lang='lat' dir='ltr'>animam</span> <span class='ocrx_word' id='word_1_316' title='bbox 1085 2179 1206 2215; x_wconf 83' lang='lat' dir='ltr'>totam</span> <span class='ocrx_word' id='word_1_317' title='bbox 1228 2177 1269 2214; x_wconf 87' lang='lat' dir='ltr'>in</span> <span class='ocrx_word' id='word_1_318' title='bbox 1291 2181 1372 2215; x_wconf 88' lang='lat' dir='ltr'>toto</span> <span class='ocrx_word' id='word_1_319' title='bbox 1392 2187 1557 2225; x_wconf 86' lang='lat' dir='ltr'>corpore</span> <span class='ocrx_word' id='word_1_320' title='bbox 1577 2187 1667 2217; x_wconf 89' lang='lat' dir='ltr'>esse</span> <span class='ocrx_word' id='word_1_321' title='bbox 1695 2183 1736 2217; x_wconf 85' lang='lat' dir='ltr'>et</span> 
     </span>
     <span class='ocr_line' id='line_1_35' title="bbox 119 2223 714 2270; baseline 0.002 -10"><span class='ocrx_word' id='word_1_322' title='bbox 119 2225 243 2260; x_wconf 80' lang='lat' dir='ltr'>totam</span> <span class='ocrx_word' id='word_1_323' title='bbox 264 2232 305 2258; x_wconf 87' lang='lat' dir='ltr'>m</span> <span class='ocrx_word' id='word_1_324' title='bbox 328 2223 502 2270; x_wconf 87' lang='lat' dir='ltr'>singulis</span> <span class='ocrx_word' id='word_1_325' title='bbox 522 2224 714 2270; x_wconf 87' lang='lat' dir='ltr'>partibus.</span> 
     </span>
    </p>

    <p class='ocr_par' dir='ltr' id='par_1_12' title="bbox 118 2269 1736 2635">
     <span class='ocr_line' id='line_1_36' title="bbox 169 2269 1732 2317; baseline 0.003 -11"><span class='ocrx_word' id='word_1_326' title='bbox 169 2269 330 2315; x_wconf 84' lang='lat' dir='ltr'>Oportet</span> <span class='ocrx_word' id='word_1_327' title='bbox 349 2271 455 2307; x_wconf 89' lang='lat' dir='ltr'>enim</span> <span class='ocrx_word' id='word_1_328' title='bbox 487 2271 690 2316; x_wconf 84' lang='lat' dir='ltr'>proprium</span> <span class='ocrx_word' id='word_1_329' title='bbox 723 2274 854 2307; x_wconf 85' lang='lat' dir='ltr'>actum</span> <span class='ocrx_word' id='word_1_330' title='bbox 879 2270 921 2307; x_wconf 89' lang='lat' dir='ltr'>in</span> <span class='ocrx_word' id='word_1_331' title='bbox 942 2270 1103 2316; x_wconf 87' lang='lat' dir='ltr'>proprio</span> <span class='ocrx_word' id='word_1_332' title='bbox 1121 2271 1358 2317; x_wconf 81' lang='lat' dir='ltr'>perfectibili</span> <span class='ocrx_word' id='word_1_333' title='bbox 1379 2281 1481 2310; x_wconf 85' lang='lat' dir='ltr'>esse.</span> <span class='ocrx_word' id='word_1_334' title='bbox 1503 2273 1644 2310; x_wconf 82' lang='lat' dir='ltr'>Anima</span> <span class='ocrx_word' id='word_1_335' title='bbox 1662 2283 1732 2310; x_wconf 84' lang='lat' dir='ltr'>au-</span> 
     </span>
     <span class='ocr_line' id='line_1_37' title="bbox 118 2318 1732 2366; baseline 0.002 -14"><span class='ocrx_word' id='word_1_336' title='bbox 118 2319 198 2352; x_wconf 85' lang='lat' dir='ltr'>tem</span> <span class='ocrx_word' id='word_1_337' title='bbox 221 2319 282 2352; x_wconf 85' lang='lat' dir='ltr'>est</span> <span class='ocrx_word' id='word_1_338' title='bbox 303 2319 415 2354; x_wconf 83' lang='lat' dir='ltr'>actus</span> <span class='ocrx_word' id='word_1_339' title='bbox 435 2318 615 2363; x_wconf 89' lang='lat' dir='ltr'>corporis</span> <span class='ocrx_word' id='word_1_340' title='bbox 646 2318 839 2364; x_wconf 83' lang='lat' dir='ltr'>organici,</span> <span class='ocrx_word' id='word_1_341' title='bbox 861 2326 941 2354; x_wconf 90' lang='lat' dir='ltr'>non</span> <span class='ocrx_word' id='word_1_342' title='bbox 965 2318 1086 2354; x_wconf 86' lang='lat' dir='ltr'>unius</span> <span class='ocrx_word' id='word_1_343' title='bbox 1116 2318 1256 2364; x_wconf 85' lang='lat' dir='ltr'>organi</span> <span class='ocrx_word' id='word_1_344' title='bbox 1276 2322 1444 2355; x_wconf 82' lang='lat' dir='ltr'>tantum.</span> <span class='ocrx_word' id='word_1_345' title='bbox 1467 2320 1534 2356; x_wconf 84' lang='lat' dir='ltr'>Est</span> <span class='ocrx_word' id='word_1_346' title='bbox 1553 2319 1675 2366; x_wconf 82' lang='lat' dir='ltr'>igitur</span> <span class='ocrx_word' id='word_1_347' title='bbox 1693 2320 1732 2356; x_wconf 93' lang='lat' dir='ltr'>in</span> 
     </span>
     <span class='ocr_line' id='line_1_38' title="bbox 118 2364 1735 2409; baseline 0.002 -10"><span class='ocrx_word' id='word_1_348' title='bbox 118 2365 203 2399; x_wconf 78' lang='lat' dir='ltr'>toto</span> <span class='ocrx_word' id='word_1_349' title='bbox 236 2371 400 2408; x_wconf 86' lang='lat' dir='ltr'>corpore</span> <span class='ocrx_word' id='word_1_350' title='bbox 433 2367 469 2400; x_wconf 85' lang='lat' dir='ltr'>et</span> <span class='ocrx_word' id='word_1_351' title='bbox 502 2373 581 2400; x_wconf 86' lang='lat' dir='ltr'>non</span> <span class='ocrx_word' id='word_1_352' title='bbox 612 2364 655 2400; x_wconf 89' lang='lat' dir='ltr'>in</span> <span class='ocrx_word' id='word_1_353' title='bbox 687 2373 766 2401; x_wconf 83' lang='lat' dir='ltr'>una</span> <span class='ocrx_word' id='word_1_354' title='bbox 795 2368 903 2409; x_wconf 84' lang='lat' dir='ltr'>parte</span> <span class='ocrx_word' id='word_1_355' title='bbox 936 2368 1104 2408; x_wconf 85' lang='lat' dir='ltr'>tantum,</span> <span class='ocrx_word' id='word_1_356' title='bbox 1136 2364 1354 2401; x_wconf 79' lang='lat' dir='ltr'>secundun]</span> <span class='ocrx_word' id='word_1_357' title='bbox 1383 2374 1494 2402; x_wconf 86' lang='lat' dir='ltr'>suam</span> <span class='ocrx_word' id='word_1_358' title='bbox 1519 2366 1735 2404; x_wconf 82' lang='lat' dir='ltr'>essentiam-</span> 
     </span>
     <span class='ocr_line' id='line_1_39' title="bbox 119 2408 1735 2456; baseline 0.001 -9"><span class='ocrx_word' id='word_1_359' title='bbox 119 2408 340 2447; x_wconf 87' lang='lat' dir='ltr'>secundum</span> <span class='ocrx_word' id='word_1_360' title='bbox 372 2418 490 2456; x_wconf 84' lang='lat' dir='ltr'>quam</span> <span class='ocrx_word' id='word_1_361' title='bbox 520 2413 579 2447; x_wconf 89' lang='lat' dir='ltr'>est</span> <span class='ocrx_word' id='word_1_362' title='bbox 613 2410 741 2447; x_wconf 83' lang='lat' dir='ltr'>forma</span> <span class='ocrx_word' id='word_1_363' title='bbox 771 2411 965 2456; x_wconf 88' lang='lat' dir='ltr'>corporis.</span> <span class='ocrx_word' id='word_1_364' title='bbox 988 2411 1049 2447; x_wconf 88' lang='lat' dir='ltr'>Sic</span> <span class='ocrx_word' id='word_1_365' title='bbox 1072 2415 1203 2447; x_wconf 83' lang='lat' dir='ltr'>autem</span> <span class='ocrx_word' id='word_1_366' title='bbox 1232 2411 1366 2448; x_wconf 81' lang='lat' dir='ltr'>anima</span> <span class='ocrx_word' id='word_1_367' title='bbox 1385 2415 1445 2448; x_wconf 80' lang='lat' dir='ltr'>est</span> <span class='ocrx_word' id='word_1_368' title='bbox 1465 2412 1592 2448; x_wconf 78' lang='lat' dir='ltr'>forma</span> <span class='ocrx_word' id='word_1_369' title='bbox 1611 2413 1735 2451; x_wconf 90' lang='lat' dir='ltr'>totius</span> 
     </span>
     <span class='ocr_line' id='line_1_40' title="bbox 119 2455 1735 2504; baseline 0.002 -11"><span class='ocrx_word' id='word_1_370' title='bbox 119 2456 314 2502; x_wconf 87' lang='lat' dir='ltr'>corporis,</span> <span class='ocrx_word' id='word_1_371' title='bbox 333 2455 439 2502; x_wconf 85' lang='lat' dir='ltr'>quod</span> <span class='ocrx_word' id='word_1_372' title='bbox 461 2459 520 2492; x_wconf 89' lang='lat' dir='ltr'>est</span> <span class='ocrx_word' id='word_1_373' title='bbox 541 2456 658 2494; x_wconf 85' lang='lat' dir='ltr'>etiam</span> <span class='ocrx_word' id='word_1_374' title='bbox 680 2457 807 2493; x_wconf 88' lang='lat' dir='ltr'>forma</span> <span class='ocrx_word' id='word_1_375' title='bbox 827 2458 1074 2504; x_wconf 80' lang='lat' dir='ltr'>singularum</span> <span class='ocrx_word' id='word_1_376' title='bbox 1088 2458 1257 2502; x_wconf 85' lang='lat' dir='ltr'>partium</span> <span class='ocrx_word' id='word_1_377' title='bbox 1277 2469 1286 2501; x_wconf 90' lang='lat'>;</span> <span class='ocrx_word' id='word_1_378' title='bbox 1307 2458 1341 2494; x_wconf 91' lang='lat' dir='ltr'>si</span> <span class='ocrx_word' id='word_1_379' title='bbox 1362 2458 1468 2494; x_wconf 88' lang='lat' dir='ltr'>enim</span> <span class='ocrx_word' id='word_1_380' title='bbox 1487 2462 1593 2496; x_wconf 88' lang='lat' dir='ltr'>esset</span> <span class='ocrx_word' id='word_1_381' title='bbox 1608 2459 1735 2498; x_wconf 82' lang='lat' dir='ltr'>forma-</span> 
     </span>
     <span class='ocr_line' id='line_1_41' title="bbox 119 2503 1736 2550; baseline 0.002 -10"><span class='ocrx_word' id='word_1_382' title='bbox 119 2503 243 2540; x_wconf 87' lang='lat' dir='ltr'>totius</span> <span class='ocrx_word' id='word_1_383' title='bbox 264 2507 302 2539; x_wconf 86' lang='lat' dir='ltr'>et</span> <span class='ocrx_word' id='word_1_384' title='bbox 321 2511 401 2539; x_wconf 90' lang='lat' dir='ltr'>non</span> <span class='ocrx_word' id='word_1_385' title='bbox 423 2503 607 2549; x_wconf 85' lang='lat' dir='ltr'>partium,</span> <span class='ocrx_word' id='word_1_386' title='bbox 623 2512 704 2540; x_wconf 90' lang='lat' dir='ltr'>non</span> <span class='ocrx_word' id='word_1_387' title='bbox 722 2507 828 2540; x_wconf 87' lang='lat' dir='ltr'>esset</span> <span class='ocrx_word' id='word_1_388' title='bbox 848 2504 975 2540; x_wconf 82' lang='lat' dir='ltr'>forma</span> <span class='ocrx_word' id='word_1_389' title='bbox 995 2503 1270 2540; x_wconf 83' lang='lat' dir='ltr'>substantialis</span> <span class='ocrx_word' id='word_1_390' title='bbox 1291 2503 1382 2541; x_wconf 86' lang='lat' dir='ltr'>talis</span> <span class='ocrx_word' id='word_1_391' title='bbox 1403 2506 1607 2550; x_wconf 86' lang='lat' dir='ltr'>corporis;</span> <span class='ocrx_word' id='word_1_392' title='bbox 1630 2506 1736 2544; x_wconf 87' lang='lat' dir='ltr'>sicut</span> 
     </span>
     <span class='ocr_line' id='line_1_42' title="bbox 118 2549 1732 2634; baseline 0.002 -47"><span class='ocrx_word' id='word_1_393' title='bbox 118 2550 247 2634; x_wconf 60' lang='grc' dir='ltr'>ΐοπῐζιᾶι</span> <span class='ocrx_word' id='word_1_394' title='bbox 266 2549 423 2633; x_wconf 62' lang='lat' dir='ltr'>domus,</span> <span class='ocrx_word' id='word_1_395' title='bbox 448 2558 535 2596; x_wconf 85' lang='lat' dir='ltr'>quae</span> <span class='ocrx_word' id='word_1_396' title='bbox 556 2554 616 2586; x_wconf 83' lang='lat' dir='ltr'>est</span> <span class='ocrx_word' id='word_1_397' title='bbox 629 2549 756 2586; x_wconf 85' lang='lat' dir='ltr'>forma</span> <span class='ocrx_word' id='word_1_398' title='bbox 774 2550 897 2587; x_wconf 85' lang='lat' dir='ltr'>totius</span> <span class='ocrx_word' id='word_1_399' title='bbox 918 2554 953 2587; x_wconf 85' lang='lat' dir='ltr'>et</span> <span class='ocrx_word' id='word_1_400' title='bbox 972 2558 1053 2586; x_wconf 89' lang='lat' dir='ltr'>non</span> <span class='ocrx_word' id='word_1_401' title='bbox 1069 2551 1317 2596; x_wconf 81' lang='lat' dir='ltr'>singularum</span> <span class='ocrx_word' id='word_1_402' title='bbox 1331 2552 1514 2597; x_wconf 86' lang='lat' dir='ltr'>partium,</span> <span class='ocrx_word' id='word_1_403' title='bbox 1531 2556 1592 2590; x_wconf 91' lang='lat' dir='ltr'>est</span> <span class='ocrx_word' id='word_1_404' title='bbox 1605 2552 1732 2591; x_wconf 83' lang='lat' dir='ltr'>forma</span> 
     </span>
     <span class='ocr_line' id='line_1_43' title="bbox 126 2601 398 2635; baseline -0.007 0"><span class='ocrx_word' id='word_1_405' title='bbox 126 2606 210 2635; x_wconf 79' lang='lat' dir='ltr'>acci</span> <span class='ocrx_word' id='word_1_406' title='bbox 241 2601 330 2634; x_wconf 86' lang='lat' dir='ltr'>enta</span> <span class='ocrx_word' id='word_1_407' title='bbox 350 2606 398 2634; x_wconf 89' lang='lat' dir='ltr'>1s.</span> 
     </span>
    </p>

    <p class='ocr_par' dir='ltr' id='par_1_13' title="bbox 122 2643 1734 2928">
     <span class='ocr_line' id='line_1_44' title="bbox 168 2643 1734 2694; baseline 0.003 -13"><span class='ocrx_word' id='word_1_408' title='bbox 168 2644 279 2688; x_wconf 84' lang='lat' dir='ltr'>Quod</span> <span class='ocrx_word' id='word_1_409' title='bbox 303 2647 433 2680; x_wconf 88' lang='lat' dir='ltr'>autem</span> <span class='ocrx_word' id='word_1_410' title='bbox 451 2643 585 2680; x_wconf 82' lang='lat' dir='ltr'>anima</span> <span class='ocrx_word' id='word_1_411' title='bbox 605 2646 665 2681; x_wconf 81' lang='lat' dir='ltr'>est</span> <span class='ocrx_word' id='word_1_412' title='bbox 685 2643 813 2680; x_wconf 84' lang='lat' dir='ltr'>forma</span> <span class='ocrx_word' id='word_1_413' title='bbox 832 2643 1106 2681; x_wconf 82' lang='lat' dir='ltr'>substantiatis</span> <span class='ocrx_word' id='word_1_414' title='bbox 1126 2644 1249 2682; x_wconf 88' lang='lat' dir='ltr'>totius</span> <span class='ocrx_word' id='word_1_415' title='bbox 1272 2648 1311 2682; x_wconf 86' lang='lat' dir='ltr'>et</span> <span class='ocrx_word' id='word_1_416' title='bbox 1329 2645 1513 2691; x_wconf 83' lang='lat' dir='ltr'>partium,</span> <span class='ocrx_word' id='word_1_417' title='bbox 1541 2650 1646 2693; x_wconf 84' lang='lat' dir='ltr'>patet</span> <span class='ocrx_word' id='word_1_418' title='bbox 1664 2657 1734 2694; x_wconf 82' lang='lat' dir='ltr'>per</span> 
     </span>
     <span class='ocr_line' id='line_1_45' title="bbox 123 2689 1733 2739; baseline 0.002 -11"><span class='ocrx_word' id='word_1_419' title='bbox 123 2689 200 2729; x_wconf 89' lang='lat' dir='ltr'>hoc</span> <span class='ocrx_word' id='word_1_420' title='bbox 220 2691 326 2738; x_wconf 88' lang='lat' dir='ltr'>quod</span> <span class='ocrx_word' id='word_1_421' title='bbox 346 2691 394 2728; x_wconf 87' lang='lat' dir='ltr'>ab</span> <span class='ocrx_word' id='word_1_422' title='bbox 415 2700 461 2728; x_wconf 81' lang='lat' dir='ltr'>ea</span> <span class='ocrx_word' id='word_1_423' title='bbox 478 2690 643 2728; x_wconf 89' lang='lat' dir='ltr'>sortitur</span> <span class='ocrx_word' id='word_1_424' title='bbox 656 2690 829 2736; x_wconf 89' lang='lat' dir='ltr'>speciem</span> <span class='ocrx_word' id='word_1_425' title='bbox 844 2694 882 2726; x_wconf 89' lang='lat' dir='ltr'>et</span> <span class='ocrx_word' id='word_1_426' title='bbox 896 2694 1023 2727; x_wconf 88' lang='lat' dir='ltr'>totum</span> <span class='ocrx_word' id='word_1_427' title='bbox 1040 2695 1078 2727; x_wconf 86' lang='lat' dir='ltr'>ct</span> <span class='ocrx_word' id='word_1_428' title='bbox 1096 2694 1226 2736; x_wconf 83' lang='lat' dir='ltr'>partes</span> <span class='ocrx_word' id='word_1_429' title='bbox 1243 2703 1252 2736; x_wconf 94' lang='grc'><strong>;</strong></span> <span class='ocrx_word' id='word_1_430' title='bbox 1274 2692 1391 2737; x_wconf 88' lang='lat' dir='ltr'>unde,</span> <span class='ocrx_word' id='word_1_431' title='bbox 1408 2703 1455 2730; x_wconf 84' lang='lat' dir='ltr'>ea</span> <span class='ocrx_word' id='word_1_432' title='bbox 1480 2694 1733 2739; x_wconf 84' lang='lat' dir='ltr'>abscedente,</span> 
     </span>
     <span class='ocr_line' id='line_1_46' title="bbox 122 2736 1732 2789; baseline 0.002 -15"><span class='ocrx_word' id='word_1_433' title='bbox 122 2746 250 2785; x_wconf 86' lang='lat' dir='ltr'>neque</span> <span class='ocrx_word' id='word_1_434' title='bbox 269 2741 398 2775; x_wconf 88' lang='lat' dir='ltr'>totum</span> <span class='ocrx_word' id='word_1_435' title='bbox 419 2747 546 2785; x_wconf 86' lang='lat' dir='ltr'>neque</span> <span class='ocrx_word' id='word_1_436' title='bbox 562 2741 695 2783; x_wconf 88' lang='lat' dir='ltr'>partes</span> <span class='ocrx_word' id='word_1_437' title='bbox 715 2741 921 2789; x_wconf 78' lang='lat' dir='ltr'>remanent</span> <span class='ocrx_word' id='word_1_438' title='bbox 938 2736 1114 2783; x_wconf 87' lang='lat' dir='ltr'>ejusdem</span> <span class='ocrx_word' id='word_1_439' title='bbox 1130 2738 1299 2783; x_wconf 82' lang='lat' dir='ltr'>speciei3</span> <span class='ocrx_word' id='word_1_440' title='bbox 1322 2748 1412 2777; x_wconf 85' lang='lat' dir='ltr'>nam</span> <span class='ocrx_word' id='word_1_441' title='bbox 1430 2741 1572 2778; x_wconf 88' lang='lat' dir='ltr'>oculus</span> <span class='ocrx_word' id='word_1_442' title='bbox 1586 2742 1732 2779; x_wconf 90' lang='lat' dir='ltr'>mortui</span> 
     </span>
     <span class='ocr_line' id='line_1_47' title="bbox 122 2784 1734 2835; baseline 0.003 -15"><span class='ocrx_word' id='word_1_443' title='bbox 122 2787 161 2820; x_wconf 84' lang='lat' dir='ltr'>et</span> <span class='ocrx_word' id='word_1_444' title='bbox 181 2794 273 2822; x_wconf 84' lang='lat' dir='ltr'>caro</span> <span class='ocrx_word' id='word_1_445' title='bbox 293 2785 380 2831; x_wconf 88' lang='lat' dir='ltr'>ejus</span> <span class='ocrx_word' id='word_1_446' title='bbox 400 2793 481 2822; x_wconf 88' lang='lat' dir='ltr'>non</span> <span class='ocrx_word' id='word_1_447' title='bbox 503 2784 689 2822; x_wconf 87' lang='lat' dir='ltr'>dicuntur</span> <span class='ocrx_word' id='word_1_448' title='bbox 707 2784 785 2821; x_wconf 88' lang='lat' dir='ltr'>nisi</span> <span class='ocrx_word' id='word_1_449' title='bbox 807 2793 1020 2830; x_wconf 81' lang='lat' dir='ltr'>aequivoce.</span> <span class='ocrx_word' id='word_1_450' title='bbox 1043 2785 1082 2821; x_wconf 90' lang='lat' dir='ltr'>Si</span> <span class='ocrx_word' id='word_1_451' title='bbox 1102 2785 1224 2832; x_wconf 86' lang='lat' dir='ltr'>igitur</span> <span class='ocrx_word' id='word_1_452' title='bbox 1237 2786 1370 2823; x_wconf 81' lang='lat' dir='ltr'>anima</span> <span class='ocrx_word' id='word_1_453' title='bbox 1384 2791 1444 2824; x_wconf 87' lang='lat' dir='ltr'>est</span> <span class='ocrx_word' id='word_1_454' title='bbox 1461 2791 1573 2825; x_wconf 83' lang='lat' dir='ltr'>actus</span> <span class='ocrx_word' id='word_1_455' title='bbox 1594 2788 1734 2835; x_wconf 84' lang='lat' dir='ltr'>singu·</span> 
     </span>
     <span class='ocr_line' id='line_1_48' title="bbox 123 2830 1730 2881; baseline 0.002 -14"><span class='ocrx_word' id='word_1_456' title='bbox 123 2830 251 2869; x_wconf 81' lang='lat' dir='ltr'>larum</span> <span class='ocrx_word' id='word_1_457' title='bbox 264 2832 434 2878; x_wconf 85' lang='lat' dir='ltr'>partium</span> <span class='ocrx_word' id='word_1_458' title='bbox 466 2831 593 2878; x_wconf 84' lang='lat' dir='ltr'>(actus</span> <span class='ocrx_word' id='word_1_459' title='bbox 613 2834 743 2868; x_wconf 84' lang='lat' dir='ltr'>autem</span> <span class='ocrx_word' id='word_1_460' title='bbox 763 2835 823 2868; x_wconf 85' lang='lat' dir='ltr'>est</span> <span class='ocrx_word' id='word_1_461' title='bbox 853 2831 893 2867; x_wconf 89' lang='lat' dir='ltr'>in</span> <span class='ocrx_word' id='word_1_462' title='bbox 926 2840 974 2868; x_wconf 87' lang='lat' dir='ltr'>eo</span> <span class='ocrx_word' id='word_1_463' title='bbox 992 2831 1106 2878; x_wconf 89' lang='lat' dir='ltr'>cujus</span> <span class='ocrx_word' id='word_1_464' title='bbox 1126 2836 1186 2869; x_wconf 85' lang='lat' dir='ltr'>est</span> <span class='ocrx_word' id='word_1_465' title='bbox 1203 2833 1343 2880; x_wconf 84' lang='lat' dir='ltr'>actus),</span> <span class='ocrx_word' id='word_1_466' title='bbox 1365 2834 1603 2880; x_wconf 84' lang='lat' dir='ltr'>relinquitur</span> <span class='ocrx_word' id='word_1_467' title='bbox 1625 2834 1730 2881; x_wconf 87' lang='lat' dir='ltr'>quod</span> 
     </span>
     <span class='ocr_line' id='line_1_49' title="bbox 124 2877 1726 2928; baseline 0.002 -13"><span class='ocrx_word' id='word_1_468' title='bbox 124 2877 177 2915; x_wconf 85' lang='lat' dir='ltr'>sit</span> <span class='ocrx_word' id='word_1_469' title='bbox 212 2878 431 2916; x_wconf 86' lang='lat' dir='ltr'>secundum</span> <span class='ocrx_word' id='word_1_470' title='bbox 459 2887 574 2917; x_wconf 83' lang='lat' dir='ltr'>suam</span> <span class='ocrx_word' id='word_1_471' title='bbox 604 2878 819 2916; x_wconf 83' lang='lat' dir='ltr'>essentiam</span> <span class='ocrx_word' id='word_1_472' title='bbox 851 2877 893 2916; x_wconf 88' lang='lat' dir='ltr'>in</span> <span class='ocrx_word' id='word_1_473' title='bbox 918 2878 1092 2926; x_wconf 79' lang='lat' dir='ltr'>qualibet</span> <span class='ocrx_word' id='word_1_474' title='bbox 1117 2883 1227 2926; x_wconf 80' lang='lat' dir='ltr'>parte</span> <span class='ocrx_word' id='word_1_475' title='bbox 1246 2881 1438 2928; x_wconf 87' lang='lat' dir='ltr'>corporis.</span> <span class='ocrx_word' id='word_1_476' title='bbox 1465 2881 1576 2925; x_wconf 84' lang='lat' dir='ltr'>Quod</span> <span class='ocrx_word' id='word_1_477' title='bbox 1597 2885 1726 2918; x_wconf 85' lang='lat' dir='ltr'>autem</span> 
     </span>
    </p>
   </div>
  </div>
 </body>
</html>
