1894 3223
55 163 101 198 54
666 151 754 186 LlB.
782 151 809 189 L
839 150 941 186 CAP.
966 150 1082 185 XLIX.

57 241 191 277 Restat
210 237 332 283 igitur
351 235 450 272 nihil
470 243 494 271 a
512 235 592 269 Deo
611 240 699 268 esse
721 230 924 277 cognitum
945 229 1059 277 quasi
1080 228 1208 276 primo
1223 231 1261 264 et
1273 236 1342 274 per
1354 236 1397 264 se
1412 226 1671 272 intellectum,

57 285 135 323 nisi
160 293 273 322 suam
295 281 524 319 essentiam.

103 334 204 372 Item,
224 329 449 366 intellectus
470 324 690 362 secundum
711 323 811 371 quod
838 327 897 360 est
928 322 1115 360 differens
1149 332 1172 358 a
1192 330 1266 358 suo
1287 320 1502 360 intellecto,
1539 324 1599 357 est
1631 319 1673 356 in

57 378 234 427 potentia
256 378 434 421 respectu
456 373 579 408 illius.
602 371 640 408 Si
661 371 783 418 igitur
803 370 951 417 aliquid
962 370 1068 406 aliud
1083 368 1394 406 sitintellectum
1412 376 1436 404 a
1450 368 1529 403 Deo
1544 367 1673 412 primo

59 429 98 463 et
116 434 185 471 per
205 433 262 467 se,
285 422 464 467 sequitur
483 418 589 465 quod
608 418 693 463 ipse
715 417 766 454 sit
801 417 841 453 in
876 417 1050 462 potentia
1083 418 1266 461 respectu
1297 413 1466 460 alicujus
1493 413 1672 457 alterius,

59 472 164 520 quod
187 474 247 506 est
263 466 526 512 impossihile,
550 469 591 501 ut
611 475 657 500 ex
677 464 793 500 dictis
814 467 931 508 patet.

104 520 293 555 Praeterea.
318 513 560 550 intellectum
593 515 653 548 est
683 511 871 556 perfectio
899 509 1172 556 intelligentis.
1200 508 1426 545 Secundum
1459 507 1565 543 enim
1600 506 1677 543 hoc

61 564 288 602 intellectus
320 561 518 607 perfectus
550 562 622 602 est,
646 557 751 604 quod
782 561 871 592 actu
897 557 1096 603 intelligit,
1118 555 1224 602 quod
1239 555 1399 601 quidem
1418 558 1478 590 est
1496 563 1565 599 per
1585 553 1676 596 hoc,

60 611 166 658 quod
187 613 246 646 est
262 617 384 644 unum
406 616 495 643 cum
514 615 561 642 eo
581 604 687 651 quod
708 603 953 654 intelligitur.
977 604 1015 639 Si
1038 604 1159 649 igitur
1179 602 1330 648 aliquid
1353 601 1461 638 aliud
1483 610 1505 637 a
1523 602 1602 636 Deo
1625 600 1677 636 sit

58 658 187 703 primo
209 655 452 692 intellectum
471 653 639 698 abipso,
662 651 735 687 erit
757 650 905 696 aliquid
927 649 1034 686 aliud
1058 648 1248 695 perfectio
1268 648 1412 694 ipsius,
1434 651 1471 684 et
1489 656 1535 684 eo
1563 647 1677 683 nobi-

60 705 152 746 lius,
176 702 281 749 quod
299 705 359 738 est
376 699 637 746 impossibile.
1095 741 1102 747 ι

106 751 288 795 Amplius,
309 758 356 785 ex
375 747 510 784 multis
532 744 743 782 intellectis
764 742 1025 789 intelligentis
1047 740 1215 778 scientia
1235 741 1468 787 integratur.
1492 741 1529 777 Si
1558 741 1680 786 igitur

62 801 153 835 sunt
174 797 298 833 multa
318 795 417 831 scita
446 803 467 830 a
503 795 597 835 Deo,
615 791 728 838 quasi
751 790 1019 836 principaliter
1047 788 1205 835 cognita
1237 791 1281 824 et>
1307 797 1376 834 per
1410 797 1465 827 se,
1500 787 1680 833 sequitur

62 844 166 891 quod
187 842 353 879 scientia
375 841 441 877 Dei
463 841 513 877 sit
531 850 577 876 ex
596 839 732 875 multis
753 837 987 883 composita,
1009 839 1047 872 et
1065 836 1124 872 sic
1143 835 1202 871 vel
1231 834 1306 871 erit
1336 834 1512 871 essentia
1548 834 1682 870 divina

63 890 296 936 composita,
318 889 377 924 vel
399 887 566 924 scientia
584 885 657 921 erit
676 884 860 921 accidens
883 885 975 926 Deo,
998 891 1166 929 quorum
1188 885 1398 927 utrumque
1426 880 1677 926 impossihile

64 947 153 974 esse
181 947 228 973 ex
256 935 372 972 dictis
404 935 503 981 (cap.
531 935 571 969 18
604 936 641 968 et
671 931 729 978 23)
755 930 1009 968 manifestum
1045 933 1117 966 est.
1144 928 1392 974 Relinquitur
1420 927 1541 973 igitur
1576 926 1682 973 quod

62 984 163 1021 illud
182 983 286 1030 quod
306 985 366 1018 est
386 981 512 1027 primo
530 983 567 1016 et
587 988 656 1025 per
676 987 719 1015 se
748 978 992 1014 intellectum
1025 985 1048 1012 a
1073 978 1167 1021 Deo,
1193 975 1293 1012 nihil
1320 978 1381 1012 est
1415 974 1522 1012 aliud
1562 982 1679 1021 quam

64 1040 138 1068 sua
161 1029 396 1067 substantia.

111 1078 255 1118 Adhuc,
274 1075 450 1122 operatio
469 1073 746 1110 intellectualis
768 1071 940 1118 speciem
961 1074 999 1108 et
1019 1070 1263 1107 nobilitatem
1291 1068 1427 1112 habet,
1458 1068 1679 1105 secundum

64 1124 107 1162 id
122 1124 227 1171 quod
245 1127 305 1160 est
322 1132 391 1168 per
405 1131 447 1159 se
462 1125 499 1157 et
512 1122 639 1166 primo
655 1120 910 1160 intellectum,
932 1127 1021 1155 cum
1039 1118 1113 1153 hoc
1128 1117 1180 1153 sit
1191 1117 1276 1161 ejus
1289 1115 1551 1161 objectumst
1562 1115 1684 1161 igitur

66 1173 171 1208 Deus
192 1170 299 1207 aliud
320 1179 342 1206 a
360 1178 402 1205 se
424 1168 661 1213 intelligeret
681 1167 793 1213 quasi
816 1175 884 1210 per
904 1174 946 1202 se
967 1168 1004 1200 et
1023 1164 1150 1209 primo
1170 1162 1427 1205 intellectum,
1445 1162 1531 1208 eJ'us
1550 1170 1685 1206 opera-

67 1219 124 1254 tio
145 1216 425 1253 intellectualis
445 1215 617 1260 speciem
638 1218 674 1250 et
695 1213 940 1249 nobilitatem
962 1212 1135 1252 haberet,
1158 1209 1378 1246 secundum
1406 1209 1443 1244 id
1482 1208 1588 1254 quod
1624 1211 1686 1245 est

67 1264 174 1302 aliud
195 1264 243 1300 ab
264 1264 365 1309 ipso.
383 1264 462 1299 Hoc
483 1266 613 1298 autem
634 1263 694 1297 est
714 1259 976 1305 impossihile,
999 1266 1087 1294 cum
1110 1265 1183 1293 sua
1203 1256 1379 1301 operatio
1413 1256 1464 1292 sit
1498 1254 1584 1301 eJus
1621 1264 1684 1291 es-

69 1312 210 1351 sentia,
239 1314 283 1346 ut
301 1313 508 1346 ostensum
528 1312 600 1344 est.
627 1307 689 1344 Sic
717 1307 839 1352 igitur
870 1303 1118 1349 impossibile
1150 1306 1223 1347 est,
1246 1302 1352 1349 quod
1383 1302 1628 1340 intellectum
1661 1311 1686 1339 a

67 1359 148 1396 Deo
166 1358 296 1404 primo
318 1360 355 1393 et
374 1365 442 1401 per
460 1364 503 1392 se
524 1355 576 1392 sit
592 1354 700 1391 aliud
720 1354 767 1390 ab
788 1354 890 1399 ipso.
916 1355 948 1403 (Ι
967 1358 1084 1403 part„
1103 1364 1143 1403 q.
1163 1362 1248 1400 XIV,
1269 1356 1341 1392 art.
1363 1352 1415 1401 5.)

704 1498 873 1539 CAPUT
910 1497 1046 1537 XLIX.

524 1620 624 1653 QUOD
650 1619 749 1648 DEUS
774 1616 984 1647 COGNOSCIT
1006 1615 1101 1645 ALIA
1125 1614 1153 1645 A
1176 1616 1230 1644 SE.

121 1735 175 1769 Ex
196 1732 271 1768 hoc
291 1733 420 1767 autem
443 1729 547 1776 quod
567 1730 671 1765 Deus
691 1727 868 1773 seipsum
888 1725 1097 1772 cognoscit
1119 1723 1247 1770 primo
1267 1726 1305 1760 et
1325 1731 1394 1769 per
1415 1731 1471 1766 se,
1488 1721 1594 1769 quod
1609 1722 1689 1759 alia

74 1789 98 1817 a
115 1789 158 1816 se
195 1779 234 1814 in
267 1778 400 1822 seipso
439 1778 655 1822 cognoscat
695 1774 813 1810 etiam
842 1782 988 1818 ponere
1022 1774 1190 1817 oportet.
1208 1769 1378 1807 Effectus
1411 1770 1516 1806 enim
1551 1770 1690 1815 cogni-

74 1827 132 1863 tio
153 1824 398 1862 susficienter
416 1823 581 1859 liabetur
599 1830 667 1867 per
687 1820 957 1865 cognitionem
979 1828 1061 1855 suae
1080 1827 1224 1855 causae.
1248 1816 1355 1853 Unde
1389 1820 1428 1853 et
1458 1816 1560 1853 scire
1593 1816 1690 1852 dici-

75 1882 166 1910 mur
187 1869 510 1916 unumquodque,
533 1877 623 1905 cum
643 1876 805 1904 causam
825 1866 911 1913 eJ‘us
938 1865 1235 1910 cognoscimus.
1258 1866 1344 1909 Ipse
1357 1867 1487 1900 autem
1504 1864 1608 1900 Deus
1629 1867 1691 1899 est

73 1929 144 1966 per
159 1927 271 1955 suam
293 1918 509 1954 essentiam
527 1924 648 1952 causa
669 1913 827 1951 essendi
849 1913 953 1949 aliis.
977 1914 1070 1949 Cum
1089 1912 1210 1958 igitur
1229 1920 1343 1948 suam
1365 1910 1580 1947 essentiam
1609 1909 1691 1956 ple-

76 1966 244 2003 nissime
263 1966 494 2010 cognoscat,
516 1965 670 2008 oportet
691 1970 848 2007 ponere,
871 1970 892 2006 q
954 1959 976 1996 d
995 1959 1113 1996 etiam
1136 1959 1214 1995 alia
1234 1961 1464 2004 cognoscat.

123 2013 267 2055 Adhuc,
289 2011 420 2047 omnis
431 2009 594 2046 effectus
612 2009 653 2044 in
671 2017 743 2045 sua
753 2016 907 2044 causaa
926 2006 1108 2053 iqualiter
1124 2004 1582 2051 praeexistitsimilitudo,
1601 2012 1694 2041 cum

78 2069 194 2097 omne
210 2067 333 2104 agens
354 2060 444 2103 agat
464 2057 540 2093 sibi
561 2056 705 2093 simile.
728 2056 850 2091 Omne
873 2058 1003 2090 autem
1027 2053 1132 2100 quod
1153 2052 1273 2089 estin
1305 2051 1454 2098 aliquo,
1487 2055 1548 2088 est
1581 2051 1622 2087 in
1644 2059 1691 2088 eo

76 2117 146 2153 per
165 2106 327 2142 modum
348 2105 433 2150 ejus
453 2103 494 2139 in
514 2112 592 2149 quo
613 2105 685 2139 est.
708 2102 747 2139 Si
767 2101 888 2148 igitur
920 2103 1023 2137 Deus
1056 2100 1278 2146 aliquarum
1296 2107 1427 2135 rerum
1461 2101 1521 2135 est
1554 2106 1694 2141 causa,

77 2163 167 2191 cum
188 2153 271 2198 ipse
295 2152 347 2189 sit
367 2150 584 2188 secundum
606 2158 719 2186 suam
744 2152 925 2185 naturam
955 2146 1251 2190 intellectualis,
1283 2145 1504 2182 similitudo
1537 2145 1693 2182 causati

77 2201 140 2237 sui
162 2200 201 2235 in
223 2208 270 2235 eo
291 2198 364 2235 erit
384 2196 697 2243 intelligibiliter.
721 2195 833 2240 Quod
848 2199 977 2232 autem
998 2198 1058 2231 est
1077 2194 1118 2230 in
1139 2194 1272 2240 aliquo
1294 2201 1362 2237 per
1379 2192 1541 2228 modum
1575 2191 1691 2228 intel-

76 2246 284 2294 ligibilem,
306 2245 354 2282 ab
375 2254 421 2281 eo
442 2244 688 2290 intelligitur.
710 2245 813 2279 Deus
834 2242 954 2288 igitur
974 2250 1037 2278 res
1059 2241 1158 2278 alias
1179 2240 1220 2276 in
1241 2240 1375 2285 seipso
1393 2238 1595 2285 intelligit.

122 2294 305 2338 Amplius,
337 2292 575 2338 quicumque
601 2290 805 2336 cognoscit
829 2289 999 2335 perfecte
1019 2297 1101 2324 rem
1132 2287 1319 2334 aliquam,
1336 2285 1695 2332 cognoscitomnia

77 2350 164 2388 quae
182 2341 229 2376 de
255 2349 296 2376 re
316 2338 385 2376 illa
415 2347 505 2375 vere
538 2341 709 2383 possunt
729 2336 821 2381 dici,
843 2340 880 2372 et
900 2344 986 2382 quae
1005 2335 1039 2371 ei
1061 2334 1302 2371 conveniunt
1321 2333 1542 2370 secundum
1575 2340 1690 2369 suam

76 2392 272 2424 naturam.
296 2387 375 2422 Deo
395 2389 523 2422 autem
542 2383 762 2422 secundum
784 2392 897 2420 suam
917 2386 1096 2419 naturam
1112 2381 1298 2418 convenit
1314 2379 1419 2426 quod
1440 2380 1491 2416 sit
1520 2379 1692 2416 aliorum

77 2443 212 2471 causa.
235 2434 330 2470 Cum
351 2433 472 2479 igitur
490 2432 660 2478 perfecte
681 2431 857 2476 seipsum
876 2432 1106 2475 cognoscat,
1125 2427 1333 2475 cognoscit
1352 2436 1395 2464 se
1411 2435 1499 2464 esse
1512 2434 1693 2467 causam,

79 2481 185 2527 quod
209 2489 298 2517 esse
318 2489 397 2516 non
418 2482 547 2525 potest
561 2479 638 2515 nisi
659 2480 875 2524 cognoscat
895 2476 1118 2522 aliqualiter
1136 2479 1356 2518 causatum,
1378 2473 1484 2520 quod
1505 2477 1565 2510 est
1584 2471 1693 2510 aliud

79 2527 127 2564 ab
149 2528 250 2572 ipso.
272 2527 333 2563 Nil
354 2527 459 2563 enim
481 2526 673 2571 suiipsius
691 2534 813 2562 causa
832 2527 904 2561 est.
928 2526 1027 2569 Ergo
1048 2525 1152 2559 Deus
1173 2521 1382 2569 cognoscit
1398 2521 1475 2557 alia
1496 2529 1519 2556 a
1536 2529 1592 2556 se.

129 2574 367 2625 Colligentes
400 2573 522 2625 igitur
553 2573 625 2609 lias
653 2572 751 2609 duas
781 2571 1077 2615 conclusiones,
1116 2572 1278 2616 apparet
1307 2570 1429 2605 Deum
1450 2574 1696 2618 cognoscere

81 2629 274 2665 seipsum,
295 2628 408 2665 quasi
431 2628 558 2664 primo
585 2623 622 2655 et
646 2629 716 2665 per
733 2628 776 2656 se
811 2622 963 2657 notum,
987 2617 1065 2654 alia
1083 2625 1176 2654 vero
1209 2616 1312 2654 sicut
1343 2615 1385 2650 in
1421 2616 1597 2650 essentia
1622 2620 1697 2649 sua

80 2667 180 2703 visa.
205 2667 328 2709 Quam
346 2666 503 2713 quidem
518 2666 720 2702 veritatem
739 2675 925 2711 expresse
947 2664 1162 2712 Dionysius
1181 2662 1300 2700 tradit
1319 2661 1360 2698 in
1378 2664 1399 2696 7
1421 2669 1506 2705 cap.
1528 2661 1577 2695 De
1597 2659 1696 2694 clivi·

81 2715 139 2749 m's
159 2714 378 2753 nominibus,
398 2712 535 2749 dicens
554 2724 562 2748 ε
585 2714 671 2749 Non
693 2713 913 2749 secundum
941 2712 1135 2748 visionem
1157 2708 1328 2763 singulis
1349 2716 1391 2744 se
1412 2706 1601 2749 immittit,
1625 2703 1697 2742 sed

83 2760 304 2798 secundum
340 2767 471 2796 causae
503 2759 787 2796 continentiam
824 2760 899 2796 scit
927 2759 1074 2795 omnia.
1101 2759 1145 2793 Et
1178 2756 1281 2792 inira
1302 2766 1310 2790 :
1334 2753 1473 2790 Divina
1503 2752 1700 2798 sapientia

83 2807 256 2852 seipsam
286 2814 535 2853 cognoscens
555 2806 631 2841 scit
650 2806 740 2841 alia.
760 2806 828 2842 Cui
845 2806 961 2842 etiam
983 2803 1189 2842 sententiae
1203 2801 1378 2839 attestari
1403 2800 1556 2836 videtur
1574 2799 1700 2845 Scrip-

82 2857 180 2890 turae
207 2862 329 2891 sacrae
349 2853 576 2889 auctoritas.
599 2854 696 2888 Nam
717 2852 758 2887 in
779 2854 841 2889 Ps.
865 2861 913 2895 οι,
936 2852 1052 2894 20‚de
1072 2852 1153 2887 Deo
1174 2848 1317 2886 dicitur
1336 2859 1346 2885 :
1366 2847 1560 2890 Prospeoeit
1577 2845 1621 2883 de
1633 2855 1697 2883 εω-

84 2901 303 2938 celsosancto
321 2910 399 2946 suc,
423 2899 537 2948 quasi
557 2898 605 2937 de
625 2899 757 2946 scipso
779 2900 936 2936 excelso
958 2898 1035 2935 alia
1052 2896 1203 2934 videns.
1227 2896 1257 2943 (l
1276 2899 1390 2942 part„
1406 2906 1444 2942 q.
1460 2905 1542 2941 xiv,
1559 2901 1631 2934 art.
1646 2898 1696 2943 5.)
