1894 3223
122 153 205 187 :596
736 144 824 179 LIB.
853 144 910 187 IV,
938 144 1038 179 CAP.
1068 144 1170 180 LXII.

182 229 256 267 Sed
278 225 610 265 considerandum
633 228 696 262 est
715 224 821 277 quod
840 225 954 261 aliter
973 233 1170 277 generans
1192 228 1380 272 generato
1412 225 1681 271 conjungitur,
1717 227 1757 262 et.

135 277 249 315 aliter
269 274 554 310 nutrimentum
577 271 741 315 nutrito,
763 280 803 307 1n
835 271 1109 317 corporalibus
1142 271 1274 309 rebus.
1308 273 1507 309 Generans
1541 272 1644 308 enim
1674 280 1756 308 non

135 324 288 368 oportet
312 319 531 356 secundum
557 318 820 355 substantiam
841 322 1030 364 generato
1050 317 1253 365 conjungi,
1274 319 1341 355 scd
1376 319 1504 356 solum
1535 318 1754 355 secundum

135 367 439 406 similitudinem
461 369 498 402 et
517 365 701 402 virtutem
719 377 728 410 ;
750 365 821 402 sed
843 365 1074 402 alimentum
1095 369 1250 410 oportet
1269 366 1417 403 nutrito
1433 365 1653 403 secundum
1668 364 1758 402 sub-

135 414 322 452 stantiam
345 412 549 458 conjungi.
574 412 695 456 Unde,
716 414 758 448 ut
778 411 1050 457 corporalibus
1071 411 1199 458 signis
1219 411 1446 457 spirituales
1476 412 1641 449 effectus
1674 420 1756 448 res-

133 461 352 508 pondeant,
374 459 607 506 mysterium
628 458 741 495 Verbi
759 458 950 495 incarnati
966 458 1078 495 aliter
1091 458 1208 495 nobis
1219 458 1472 505 conjungitur
1484 459 1524 496 in
1539 459 1754 505 Baptismo,

134 507 202 554 qui
218 511 278 544 est
295 505 515 552 spiritualis
536 505 795 551 regeneratio,
809 509 925 551 atque
946 505 1059 541 aliter
1078 504 1118 541 in
1132 504 1209 542 hoc
1225 505 1477 542 Eucharistiae
1492 510 1756 550 sacramento,

136 554 245 601 quod
266 557 327 590 est
347 552 553 598 spirituale
572 552 802 589 alimentum
822 564 830 597 ;
847 552 888 588 10
907 552 1109 598 Baptismo
1130 552 1235 588 enim
1255 551 1480 589 continetur
1509 552 1677 589 Verbum
1698 553 1757 588 in-

134 604 341 638 carnatum
364 599 494 636 solum
516 599 735 636 secundum
755 599 952 639 virtutem,
976 598 1045 636 sed
1066 599 1107 635 10
1122 599 1378 636 Eucharistiae
1393 603 1640 636 sacramento
1656 607 1750 636 con-

133 646 293 685 fitemur
313 647 445 692 ipsum
467 645 687 683 secundum
708 645 971 682 substantiam
993 645 1204 682 contineri.
1224 647 1268 682 Et
1295 645 1387 692 quia
1419 646 1751 691 complementum

136 697 285 732 nostrae
306 693 449 730 salutis
470 693 615 730 factum
634 696 695 730 est
724 702 793 739 per
823 693 1050 738 passionem
1084 692 1224 729 Christi
1258 696 1296 729 et
1327 696 1508 733 mortem,
1538 701 1607 738 per
1634 701 1751 738 quam

135 741 221 788 ejus
242 740 408 786 sanguis
429 749 452 777 a
474 748 593 777 carne
614 743 820 786 separatus
847 742 920 784 est,
943 739 1155 785 separatim
1187 739 1304 777 nobis
1333 739 1500 776 traditur
1528 748 1752 776 sacramen-

135 791 220 825 tum
242 787 421 832 corporis
443 786 528 832 ejus
552 785 626 823 sub
647 786 779 832 specie
795 785 909 832 panis
930 790 967 822 et
987 786 1154 833 sanguis
1176 786 1250 823 sub
1270 786 1403 832 specie
1425 785 1529 830 vini3
1562 789 1605 822 ut
1625 786 1683 822 sic
1712 785 1753 821 in

136 834 214 872 hoc
236 837 486 871 sacramento
506 833 706 879 passionis
727 833 938 870 dominicae
966 833 1158 870 memoria
1178 837 1216 870 et
1234 832 1530 879 repraesentatio
1549 831 1751 869 habeatur.

134 882 180 918 Et
202 880 421 918 secundum
442 879 518 916 hoc
540 880 724 925 impletur
742 880 846 927 quod
868 879 1062 916 Dominus
1083 879 1180 916 dixit
1201 891 1210 916 t
1231 880 1322 917 Caro
1351 890 1430 916 mea
1447 889 1527 914 cere
1558 882 1608 914 est
1641 880 1750 919 cibus,

131 931 167 963 et
181 928 332 972 sanquis
352 937 448 962 meus
466 937 546 962 vere
563 930 614 962 est
627 929 749 972 potus.
772 926 930 974 (Joann.,
950 935 1007 971 VI,
1029 926 1104 974 56.)
1126 926 1190 973 (ΙΙΙ
1210 928 1325 973 part„
1347 936 1384 974 q.
1408 934 1530 963 LXXIII
1551 929 1588 962 et
1605 935 1704 972 seq.;
1717 929 1754 962 et

131 974 190 1012 IV
205 974 318 1018 Sent„
341 973 430 1011 dist.
451 982 524 1010 vm
545 977 581 1010 et
601 973 700 1020 seq.)

782 1120 949 1161 CAPUT
979 1120 1099 1161 LXII.

338 1240 388 1269 DE
411 1240 563 1269 ERRORE
582 1239 809 1269 INFIDELIUM
829 1239 944 1268 CIRCA
970 1239 1240 1270 EUCHARISTIAE
1264 1239 1562 1269 SAGRAMENTUM.

181 1348 291 1387 Sicut
311 1351 458 1392 autem,
483 1347 636 1385 Christo
654 1347 878 1393 proferente
897 1347 980 1384 haec
997 1347 1131 1392 verba,
1157 1347 1316 1394 quidam
1351 1347 1637 1392 discipulorum
1673 1350 1751 1384 tur-

122 1395 214 1433 bati
233 1399 341 1438 sunt,
361 1394 538 1431 dicentes
559 1406 568 1431 :
586 1397 706 1430 Daras
722 1397 774 1429 est
793 1395 850 1429 hic
869 1405 996 1439 sermo,
1018 1397 1050 1429 et
1069 1396 1153 1439 quis
1170 1397 1288 1439 potest
1306 1404 1384 1429 eum
1405 1394 1534 1429 audire
1554 1395 1571 1428 ἱ)
1592 1393 1752 1439 (Joann.‚

132 1451 193 1486 vl,
213 1442 286 1488 61),
305 1441 360 1478 ita
380 1444 418 1477 et
438 1444 573 1478 contra
594 1441 813 1477 doctrinam
837 1441 1021 1477 Ecclesiae
1040 1441 1340 1477 insurrexerunt
1354 1440 1754 1485 ltaeretici‚veritatem

133 1489 254 1535 hujus
275 1490 480 1534 negantes.
503 1487 645 1524 Dicunt
665 1487 768 1524 enim
790 1488 830 1523 in
851 1488 926 1524 hoc
947 1490 1194 1524 sacramento
1216 1496 1297 1525 non
1315 1488 1472 1524 realiter
1493 1496 1582 1524 esse
1609 1496 1754 1533 corpus

135 1539 173 1572 et
194 1535 430 1582 sanguinem
454 1534 611 1579 Christi,
634 1534 703 1571 sed
723 1533 985 1581 significative
1006 1538 1185 1578 tantum;
1208 1537 1251 1571 ut
1281 1534 1340 1571 sic
1373 1534 1615 1581 intelligatur
1648 1535 1754 1582 quod

136 1582 316 1619 Christus
337 1582 448 1624 dixit,
466 1581 736 1618 demonstrato
756 1590 858 1627 pane
879 1593 888 1617 ε
910 1583 983 1617 Hoc
1000 1584 1053 1618 est
1068 1592 1195 1627 corpus
1213 1591 1341 1622 meum,
1368 1590 1412 1618 ac
1432 1581 1465 1618 si
1485 1582 1630 1618 diceret
1647 1593 1655 1618 :
1673 1583 1754 1618 Hoc

134 1632 195 1666 est
215 1628 373 1675 signum
394 1628 453 1664 vel
475 1628 601 1674 figura
621 1628 800 1674 corporis
820 1628 897 1664 mei
914 1640 922 1672 ;
945 1628 1165 1666 secundum
1179 1638 1296 1675 quem
1311 1628 1472 1665 modum
1489 1631 1527 1664 et
1540 1629 1754 1674 Apostolus

134 1676 231 1712 dixit
253 1687 261 1712 :
282 1677 391 1711 Petra
409 1678 527 1710 autem
543 1678 620 1710 erat
641 1676 803 1711 Christus
825 1675 856 1721 (I
874 1675 967 1716 Cor„
984 1684 1024 1720 X,
1046 1677 1096 1721 4),
1122 1675 1164 1712 id
1191 1678 1252 1713 est
1276 1676 1419 1713 Christi
1456 1675 1596 1721 figura.
1633 1678 1676 1711 Et
1705 1675 1753 1712 ad

133 1723 241 1760 hunc
260 1722 501 1758 intellectum
525 1722 700 1758 referunt
720 1722 911 1769 quidquid
932 1722 973 1759 in
993 1723 1204 1768 Scripturis
1224 1723 1425 1759 invenitur
1451 1722 1633 1759 similiter
1659 1722 1751 1759 dici.

183 1769 306 1815 Hujus
331 1772 460 1805 autem
483 1769 684 1814 opinionis
705 1770 957 1806 occasionem
979 1773 1192 1807 assumunt
1208 1779 1256 1807 ex
1269 1770 1400 1806 verbis
1422 1769 1591 1813 Domini,
1607 1769 1689 1816 qui,
1706 1769 1753 1806 de

133 1817 196 1854 sui
216 1816 396 1862 corporis
416 1816 660 1853 comestione
690 1820 728 1853 et
748 1816 958 1863 sanguinis
996 1816 1210 1862 potatione,
1241 1820 1285 1853 ut
1311 1816 1542 1853 scandalum
1577 1816 1753 1862 discipu·

133 1864 262 1901 lorum
283 1863 387 1910 quod
409 1866 537 1899 ortum
558 1863 686 1899 fuerat
705 1864 915 1908 sopiretur,
939 1864 1052 1909 quasi
1070 1863 1248 1908 seipsum
1261 1872 1476 1909 exponens,
1494 1863 1590 1899 dixit
1607 1875 1615 1899 ε
1635 1863 1754 1899 Verba

132 1920 212 1956 <11⁶ae
231 1920 292 1955 <290
309 1910 445 1945 locutus
465 1920 543 1945 sum
561 1910 672 1954 cobis,
695 1912 846 1954 spiritus
867 1913 900 1945 et
916 1913 992 1945 vita
1009 1913 1096 1946 sunt
1114 1910 1274 1955 (Joann.,
1292 1919 1348 1953 VI,
1369 1910 1440 1956 64),
1463 1910 1576 1956 quasi
1594 1919 1639 1946 ea
1660 1918 1749 1956 quae

133 1957 285 1994 dixerat
305 1965 385 1992 non
408 1956 453 1992 ad
474 1957 656 1999 litteram,
680 1957 748 1993 sed
771 1957 991 1993 secundum
1022 1957 1265 2002 spiritualem
1293 1965 1456 1993 sensum
1492 1956 1753 2003 intelligenda

132 2008 282 2041 essent.

182 2050 425 2087 Inducuntur
444 2049 561 2085 etiam
581 2049 629 2086 ad
654 2049 969 2086 dissentiendum
1001 2059 1049 2086 ex
1083 2050 1218 2088 multis
1247 2050 1547 2087 difficultatibus
1582 2060 1668 2098 quae
1702 2050 1751 2087 ad

133 2097 237 2134 hanc
258 2097 442 2134 Ecclesiae
461 2096 680 2133 doctrinam
702 2096 814 2142 sequi
831 2096 1026 2141 videntur,
1046 2101 1205 2143 propter
1223 2106 1323 2144 quas
1355 2098 1419 2133 1110
1449 2106 1580 2134 sermo
1611 2097 1751 2135 Christi

134 2147 172 2180 et
189 2143 372 2180 Ecclesiae
394 2144 516 2180 durus
537 2144 595 2180 eis
616 2148 790 2189 apparet.

182 2193 225 2227 Et
244 2190 371 2236 primo
393 2190 550 2236 quidem
573 2190 731 2227 difficile
750 2189 903 2227 videtur
923 2191 1124 2238 quomodo
1145 2200 1279 2228 verum
1301 2200 1446 2237 corpus
1468 2191 1610 2229 Christi
1633 2192 1674 2228 10
1695 2192 1750 2229 al-

132 2238 207 2275 tari
229 2247 318 2274 esse
340 2237 512 2282 incipiat.
534 2236 688 2283 Aliquid
710 2237 814 2273 enim
836 2238 975 2283 incipit
995 2247 1083 2275 esse
1099 2238 1166 2275 ubi
1188 2238 1297 2284 prius
1312 2247 1393 2275 non
1415 2239 1487 2274 fuit
1509 2239 1718 2285 dupliciter
1740 2250 1749 2275 :

130 2285 194 2321 vel
214 2294 283 2330 per
302 2288 453 2321 motum
476 2284 656 2328 localem,
677 2284 738 2320 vel
757 2294 826 2330 per
849 2285 1152 2322 conversionem
1168 2286 1330 2322 alterius
1352 2285 1391 2321 in
1413 2285 1543 2330 ipsum
1562 2289 1627 2330 ;ut
1646 2289 1752 2332 patet

131 2332 173 2367 in
194 2331 298 2378 igne,
321 2331 387 2378 qui
410 2330 553 2367 alicubi
573 2340 662 2367 esse
680 2331 828 2376 incipit,
851 2332 911 2367 vel
936 2332 1026 2377 quia
1045 2332 1097 2368 ibi
1121 2332 1168 2368 de
1186 2341 1288 2369 novo
1307 2332 1546 2377 accenditur,
1568 2333 1627 2369 vel
1658 2334 1752 2380 quia

132 2378 229 2415 illuc
249 2378 296 2414 de
318 2386 421 2415 novo
443 2381 684 2423 apportatur.
707 2398 752 2403 —
771 2379 1021 2415 Manifestum
1044 2383 1104 2415 est
1125 2382 1256 2415 autem
1274 2388 1410 2415 verum
1431 2388 1576 2424 corpus
1607 2379 1750 2417 Christi

133 2434 213 2462 non
236 2434 391 2470 semper
418 2425 455 2460 in
476 2424 551 2462 hoc
581 2423 691 2461 altari
723 2424 874 2470 fuisse;
897 2425 1105 2463 confitetur
1136 2425 1242 2462 enim
1274 2425 1446 2463 Ecclesia
1479 2426 1674 2463 Christum
1709 2427 1750 2463 in

134 2481 207 2508 suo
229 2481 392 2517 corpore
414 2471 644 2508 ascendisse
665 2472 706 2508 in
726 2472 883 2509 coelum.
904 2473 1065 2509 Videtur
1096 2476 1228 2509 autem
1257 2473 1504 2518 impossibile
1537 2473 1614 2510 dici
1645 2473 1750 2520 quod

133 2519 283 2565 aliquid
308 2519 371 2555 hic
393 2519 439 2555 de
459 2527 562 2555 novo
591 2521 842 2556 convertatur
872 2519 915 2555 10
944 2528 1089 2565 corpus
1119 2520 1274 2557 Christi.
1312 2519 1415 2557 Nihil
1455 2520 1561 2557 enim
1598 2520 1751 2558 videtur

134 2566 306 2602 converti
326 2566 367 2601 111
387 2565 656 2612 praeexistens,
677 2574 799 2611 quum
819 2565 858 2602 id
875 2566 916 2603 10
949 2567 1055 2613 quod
1075 2566 1225 2614 aliquid
1263 2567 1502 2604 convertitur
1532 2576 1601 2613 per
1633 2567 1750 2614 hujus

133 2612 433 2649 conversionem
451 2621 540 2649 esse
563 2612 736 2658 incipiat.
759 2613 1008 2650 Manifestum
1030 2617 1090 2650 est
1111 2617 1242 2651 autem
1263 2623 1408 2660 corpus
1431 2614 1572 2651 Christi
1604 2624 1750 2659 praeex-

134 2658 298 2703 stitisse,
321 2663 439 2704 upote
459 2659 500 2695 in
522 2662 632 2696 utero
653 2659 838 2706 virginali
863 2663 1112 2706 conceptum.
1134 2662 1221 2698 Non
1240 2660 1361 2707 igitur
1380 2661 1534 2698 videtur
1554 2670 1643 2698 esse
1665 2670 1750 2706 pos-

133 2704 247 2756 sibile
269 2706 373 2751 quod
396 2706 435 2742 in
455 2706 568 2743 altari
588 2706 635 2742 de
655 2715 758 2743 novo
777 2715 866 2743 esse
888 2707 1052 2753 incipiat
1083 2716 1152 2753 per
1184 2708 1487 2745 conversionem
1520 2707 1681 2745 alterius
1708 2707 1749 2744 in

130 2760 278 2802 ipsum.
300 2772 345 2777 —
365 2753 550 2790 Similiter
565 2755 696 2790 autem
715 2761 787 2789 nec
808 2763 877 2799 per
894 2755 1154 2791 mutationem
1175 2754 1268 2798 loci,
1289 2755 1383 2800 quia
1396 2764 1514 2792 omne
1530 2754 1635 2801 quod
1648 2754 1751 2791 loca-

132 2797 222 2849 liter
241 2802 422 2849 moy-etur
442 2799 500 2837 sic
518 2799 656 2844 incipit
677 2808 766 2836 esse
786 2800 827 2836 in
846 2809 926 2837 uno
948 2801 1037 2838 loco
1057 2801 1163 2847 quod
1184 2801 1330 2838 desinit
1347 2811 1435 2839 esse
1450 2802 1489 2837 in
1508 2802 1600 2843 alio,
1615 2801 1656 2836 in
1669 2810 1748 2847 quo

130 2852 244 2896 prius
270 2844 355 2896 fuit.
379 2845 580 2890 Oportebit
596 2846 717 2892 igitur
735 2846 864 2883 dicere
879 2847 998 2893 quod,
1021 2857 1143 2894 quum
1158 2848 1336 2885 Christus
1353 2848 1490 2893 incipit
1511 2856 1598 2884 esse
1616 2847 1656 2883 in
1672 2848 1749 2885 hoc

124 2890 261 2936 altari,
280 2899 320 2926 10
335 2900 413 2938 quo
432 2891 508 2928 hoc
522 2895 815 2931 sacramentum
833 2895 1048 2941 peragitur,
1064 2894 1219 2932 desinat
1233 2903 1321 2931 esse
1335 2895 1375 2931 in
1388 2894 1501 2938 coelo,
1517 2903 1596 2940 quo
1615 2903 1750 2932 ascen-
