1894 3223
153 134 221 171 184
778 128 866 164 Liss.
894 127 942 172 11,
969 101 1070 164 οΑῬ.
1097 129 1166 165 Lx.

202 215 301 257 Item,
341 211 376 248 si
414 210 466 247 sit
504 208 724 246 secundum
762 217 852 246 esse
890 217 914 246 a
951 218 1117 256 corpore
1153 213 1374 256 separatus,
1413 210 1544 257 magis
1577 211 1776 259 intelliget

154 257 401 299 substantias
435 265 522 302 quae
555 257 650 292 sunt
669 263 693 292 a
710 255 877 292 materia
896 260 1087 303 separatae
1123 266 1243 304 quam
1264 257 1413 295 formas
1433 256 1665 304 sensibiles,
1681 259 1777 306 quia

153 309 247 345 sunt
266 303 396 350 magis
410 301 684 348 intelligibiles
703 305 741 340 et
758 301 889 349 magis
907 303 945 341 ei
965 303 1206 342 conformes.
1227 305 1314 342 Non
1331 307 1462 351 potest
1481 307 1613 342 autem
1631 304 1777 344 intelli-

152 361 246 400 gere
268 349 516 387 substantias
537 348 702 386 omnino
722 358 746 386 a
765 349 930 387 materia
949 351 1272 398 separatas‚qnia
1286 360 1421 389 earum
1435 360 1516 389 non
1534 354 1629 389 sunt
1638 351 1774 400 aliqua

150 399 454 445 phantasmata3
485 395 551 433 hic
570 400 702 433 autem
723 396 951 435 intellectus
985 406 1234 446 nequaquam
1256 397 1344 436 sine
1369 399 1646 446 phantasmate
1664 398 1776 437 intel-

151 445 255 492 ligit,
289 448 332 480 ut
360 443 592 496 Aristoteles
620 443 725 496 dicit·
745 442 810 496 (De
843 445 983 497 anima,
1009 453 1071 490 111,
1092 448 1186 482 text.
1218 453 1363 483 comm.
1392 445 1480 494 30);
1502 448 1598 484 sunt
1614 446 1722 499 00110
1738 447 1775 485 ei

150 492 431 539 phantasmata
449 493 554 528 sicut
575 489 786 527 sensibilia
805 499 957 536 sensui,
979 491 1065 528 sine
1085 492 1231 539 quibus
1251 501 1398 531 sensus
1418 501 1500 530 000
1528 495 1664 531 sentit.
1685 494 1774 532 Non

151 542 213 576 est
232 539 355 583 igitur
371 537 596 575 substantia
616 540 798 583 separata
820 547 844 575 a
858 547 1022 584 corpore
1040 539 1261 576 secundum
1282 549 1386 577 esse.

197 585 342 627 Adhuc,
364 584 407 621 in
427 584 537 622 omni
572 593 731 631 genere,
752 587 906 622 tantum
926 594 969 622 30
990 586 1164 623 extendit
1180 587 1357 633 potentia
1377 587 1552 634 passiva,
1580 590 1775 635 quantum

150 632 329 679 potentia
359 631 486 669 activa
517 631 628 668 illius
657 631 845 678 generis3
867 632 973 669 unde
993 641 1075 669 000
1107 635 1168 670 est
1200 633 1334 681 aliqua
1354 634 1532 680 potentia
1550 635 1713 681 passiva
1731 635 1775 672 in

151 682 294 716 natura
314 679 377 716 cui
399 687 481 716 non
499 679 737 724 respondeat
749 678 882 726 aliqua
898 679 1075 725 potentia
1087 679 1214 717 activa
1232 681 1441 719 naturalis.
1457 682 1533 719 Sed
1547 682 1775 720 intellectus

151 735 275 773 agens
307 734 389 763 non
409 725 503 763 facit
530 725 801 772 intelligibilia
821 726 900 763 nisi
922 736 990 771 per
1010 726 1302 772 phantasmata.
1322 729 1424 773 Ergo
1443 737 1516 766 nec
1545 728 1775 766 intellectus

149 773 358 819 possibilis
376 776 556 810 movetur
575 772 623 810 ab
644 773 734 809 aliis
756 773 1077 820 intelligibilibus
1096 773 1174 811 nisi
1195 782 1220 811 a
1236 775 1446 820 speciebus
1467 784 1491 811 a
1519 775 1775 821 phantasma·

150 820 258 857 tibus
279 820 514 864 abstractis3
536 822 572 856 et
594 819 652 857 sic
667 819 913 857 substantias
932 824 1135 866 separatas
1155 821 1376 868 intelligere
1398 830 1479 858 000
1499 824 1643 867 potest.

196 868 380 912 Amplius,
402 867 443 903 in
467 867 705 904 substantiis
727 867 921 913 separatis
942 871 1035 904 sunt
1056 868 1210 914 species
1231 877 1362 905 rerum
1385 868 1639 907 sensibilium
1659 869 1776 907 intel·

150 914 369 961 ligibiliter‚
392 923 462 960 per
486 923 587 961 quas
625 914 672 950 de
705 914 967 951 sensibilibus
1003 915 1210 952 scientiam
1236 915 1395 952 habent.
1428 916 1467 952 Si
1500 915 1623 962 igitur
1655 916 1773 954 intel-

150 961 278 998 lectus
308 960 515 1007 possibilis
545 961 734 1008 intelligit
767 961 1014 999 substantias
1035 966 1252 1009 separatas,
1271 963 1312 999 in
1335 963 1393 1000 eis
1413 962 1611 1015 accipe—ret
1643 964 1775 1002 sensi-

149 1008 289 1045 bilium
325 1008 610 1055 cognitionem.
645 1009 731 1045 Non
766 1017 861 1056 ergo
884 1010 1079 1055 acciperet
1113 1018 1200 1047 eam
1233 1019 1256 1046 a
1288 1010 1649 1056 phantasmatibus,
1683 1011 1778 1058 quia

151 1060 293 1092 natura
330 1065 411 1092 non
443 1055 618 1092 abundat
648 1055 876 1101 superfluis.
898 1076 944 1082 —-
972 1057 1010 1093 Si
1039 1059 1170 1094 autem
1206 1056 1360 1094 dicatur
1390 1057 1496 1104 quod
1533 1057 1773 1095 substantiis

152 1102 345 1148 separatis
367 1111 447 1139 non
479 1102 590 1139 adest
611 1103 788 1149 cognitio
808 1102 1075 1147 sensibilium,
1100 1104 1241 1141 saltem
1272 1104 1469 1150 oportebit
1502 1104 1633 1142 dicere
1666 1105 1772 1151 quod

154 1150 213 1186 eis
235 1149 338 1186 adsit
357 1149 475 1186 altior
492 1149 813 1196 cognitio‚quam
835 1154 989 1195 oportet
1005 1160 1085 1187 non
1112 1151 1252 1187 deesse
1276 1151 1495 1187 intellectui
1517 1151 1716 1196 possibili,
1737 1153 1772 1189 si

149 1196 358 1242 praedictas
379 1196 624 1233 substantias
645 1196 843 1244 intelligit.
865 1197 1030 1234 Habebit
1052 1197 1173 1244 igitur
1190 1197 1385 1243 duplicem
1403 1198 1626 1243 scientiam,
1649 1207 1770 1236 unam

149 1252 220 1289 per
255 1243 417 1280 modum
458 1243 769 1280 substantiarum
807 1248 1090 1290 separatarum,
1113 1244 1230 1282 aliam
1263 1254 1287 1282 a
1314 1244 1503 1283 sensibus
1541 1250 1742 1292 acceptam
1762 1258 1772 1290 ;

150 1299 316 1338 quarum
340 1290 463 1327 altera
483 1290 755 1336 superflueret.

198 1339 389 1378 Praeterea,
411 1337 636 1374 intellectus
671 1337 879 1382 possibilis
905 1341 965 1375 est
1000 1347 1079 1384 quo
1099 1338 1288 1385 intelligit
1323 1339 1469 1383 anima,
1491 1343 1533 1376 ut
1563 1340 1707 1377 dicitur
1732 1341 1773 1378 in

148 1384 266 1421 tertio
286 1386 337 1420 De
366 1385 489 1420 anima
512 1382 619 1430 (text.
640 1393 785 1421 comm.
815 1384 865 1430 5).
893 1385 932 1421 Si
962 1385 1084 1430 igitur
1102 1385 1329 1422 intellectus
1355 1387 1563 1432 possibilis
1585 1387 1776 1434 intelligit

149 1430 397 1468 substantias
426 1435 643 1477 separatas,
663 1434 701 1468 et
729 1440 805 1468 nos
822 1432 1085 1479 intelligimus
1108 1441 1176 1470 005
1197 1444 1207 1477 ;
1230 1432 1335 1479 quod
1357 1437 1463 1478 patet
1482 1443 1574 1471 esse
1601 1434 1771 1479 salsum;

148 1477 344 1515 habemus
365 1477 470 1514 eniin
492 1486 567 1516 nos
597 1477 646 1515 ad
678 1486 746 1515 eas
767 1478 870 1515 sicut
889 1479 1032 1516 oculus
1062 1482 1218 1517 noctuae
1239 1479 1288 1516 ad
1309 1481 1452 1526 solem,
1473 1484 1518 1517 ut
1539 1480 1775 1519 Aristoteles

149 1524 246 1562 dicit
267 1525 499 1571 (Metaphys.,
518 1533 560 1568 11,
579 1528 672 1561 text.
695 1534 839 1562 comm.
868 1526 916 1572 1).

197 1572 265 1609 His
298 1575 427 1608 autem
459 1572 733 1617 respondetur,
761 1573 980 1610 secundum
1013 1572 1254 1618 positionem
1275 1573 1517 1620 praedictam.
1540 1574 1771 1613 Intellectus

148 1619 255 1656 enim
270 1618 491 1665 possibilis,
509 1619 728 1656 secundum
744 1620 849 1666 quod
869 1620 984 1657 estin
1003 1629 1045 1657 se
1064 1620 1305 1666 subsistens,
1322 1621 1510 1668 intelligit
1524 1622 1771 1660 substantias

149 1670 367 1711 separatas,
390 1670 426 1702 et
447 1666 563 1703 estin
583 1667 760 1712 potentia
777 1667 826 1704 ad
841 1676 908 1704 eas
924 1667 1027 1704 sicut
1042 1666 1284 1714 diaplianum
1299 1668 1348 1706 ad
1368 1669 1523 1713 lucem;
1545 1670 1769 1708 secundum

146 1716 280 1750 autern
312 1714 417 1760 quod
438 1714 694 1750 continuatur
712 1713 830 1751 nobis
861 1724 885 1751 a
903 1714 1114 1761 principio,
1136 1718 1197 1752 est
1217 1715 1258 1752 in
1278 1716 1456 1762 potentia
1483 1716 1530 1753 ad
1568 1716 1718 1754 formas
1746 1727 1770 1754 a

147 1759 495 1806 phantasmatibus
527 1761 773 1806 abstractas;
803 1761 908 1799 unde
928 1769 1003 1798 nos
1036 1772 1059 1799 a
1078 1762 1273 1808 principio
1296 1772 1377 1800 non
1400 1763 1667 1810 intelligimus
1700 1774 1770 1810 per

147 1815 240 1844 eum
263 1807 511 1844 substantias
531 1812 748 1854 separatas
771 1808 844 1845 Sed
873 1808 949 1846 hoc
970 1811 1075 1846 stare
1096 1818 1177 1846 non
1193 1813 1338 1855 potest.

197 1854 425 1891 Intellectus
465 1854 571 1891 enim
602 1854 810 1900 possibilis
842 1865 890 1892 ex
911 1856 987 1892 hoc
1015 1855 1173 1900 dicitur,
1196 1857 1415 1894 secundum
1437 1866 1522 1900 eos,
1545 1858 1770 1903 continuari

146 1899 280 1945 nobis,
302 1901 408 1947 quod
430 1901 632 1946 perficitur
649 1911 720 1947 per
740 1902 895 1948 species
916 1901 1192 1949 intelligibiles
1212 1912 1235 1939 a
1252 1904 1598 1949 phantasmatibus
1620 1905 1772 1942 abstra—

146 1950 244 1985 ctas.
268 1949 383 1985 Prius
403 1948 527 1994 igitur
541 1952 600 1985 est
620 1948 874 1986 considerare
896 1949 1142 1986 intellectum
1164 1953 1206 1987 ut
1225 1950 1266 1986 in
1286 1951 1465 1996 potentia
1478 1951 1525 1988 ad
1541 1951 1771 1998 hujusmodi

145 1995 302 2041 species
321 2004 438 2042 quam
461 1999 503 2032 ut
524 1995 778 2033 continuetur
795 1996 926 2033 nobis.
944 1998 1030 2033 Non
1051 1996 1185 2043 igitur,
1206 2006 1276 2044 per
1297 1998 1372 2035 boc
1391 1998 1497 2045 quod
1517 2000 1773 2037 continuatur

143 2041 277 2086 nobis,
302 2046 362 2079 est
380 2042 420 2079 in
440 2043 618 2088 potentia
637 2042 686 2079 ad
708 2043 939 2089 hujusmodi
962 2044 1131 2090 species.

191 2090 382 2130 Praeterea,
400 2090 619 2126 secundum
641 2089 730 2134 hoc,
745 2099 833 2128 0350
855 2090 895 2127 in
910 2091 1088 2136 potentia
1109 2091 1156 2128 ad
1173 2092 1381 2137 praedictas
1399 2092 1554 2139 species
1569 2102 1651 2130 000
1666 2098 1772 2131 03301

144 2134 181 2173 01
206 2136 427 2173 secundum
459 2145 502 2174 se
529 2137 788 2186 conveniens,
811 2137 882 2174 sed
914 2147 983 2183 per
999 2138 1121 2175 aliud.
1160 2141 1232 2175 Per
1252 2149 1298 2176 ea
1318 2143 1449 2176 autern
1471 2150 1559 2187 quae
1578 2149 1659 2178 000
1680 2150 1772 2178 con-

143 2183 310 2220 veniunt
329 2183 449 2221 alicui
467 2184 686 2222 secundnm
709 2193 765 2229 se,
786 2193 867 2222 non
899 2184 1014 2222 debet
1035 2185 1184 2232 aliquid
1221 2186 1391 2224 deliniri.
1412 2189 1500 2224 Non
1526 2188 1649 2234 igitur
1668 2188 1770 2225 ratio

142 2229 371 2267 intellectus
406 2230 616 2277 possibilis
650 2234 711 2268 est
744 2241 791 2269 ex
829 2231 905 2269 hoc
944 2232 1050 2279 quod
1091 2233 1133 2269 in
1174 2234 1352 2279 potentia
1383 2238 1442 2271 est
1474 2234 1523 2271 ad
1560 2235 1770 2282 praedictas

143 2277 299 2360 specifcs
314 2306 332 2371 ‚)
359 2281 403 2316 ut
437 2277 575 2316 definit
610 2278 742 2324 ipsum
780 2279 1026 2317 Aristoteles.
1062 2278 1128 2326 (De
1163 2282 1302 2326 anima,
1341 2289 1399 2323 111,
1441 2285 1534 2318 text.
1571 2291 1717 2320 comm.
1746 2285 1767 2320 3

142 2328 238 2360 etin
263 2335 314 2362 ra.

189 2372 334 2417 Adhuc,
355 2372 606 2418 impossibile
633 2377 695 2410 est
713 2373 957 2411 intellectum
979 2374 1215 2420 possibilem
1237 2376 1357 2413 simul
1386 2375 1511 2413 multa
1531 2376 1768 2423 intelligere,

143 2418 222 2455 nisi
245 2427 367 2456 unum
399 2429 468 2464 pei·
499 2419 608 2457 aliud
640 2420 863 2467 intelligat3
884 2430 965 2458 non
997 2422 1104 2459 enim
1136 2432 1217 2459 una
1243 2423 1421 2469 potentia
1442 2423 1562 2461 simul
1586 2423 1768 2469 pluribus

143 2465 298 2516 actibus
318 2467 532 2513 perficitur,
555 2467 634 2505 nisi
654 2468 876 2505 secundum
896 2468 1090 2505 ordinem.
1114 2470 1153 2506 Si
1172 2470 1294 2515 igitur
1314 2470 1540 2507 intellectus
1559 2470 1767 2515 possibilis

142 2513 339 2559 intelligat
368 2513 615 2552 substantias
648 2518 853 2561 separatas
889 2519 927 2552 et
946 2516 1100 2561 species
1121 2526 1144 2553 a
1162 2517 1509 2562 phantasmatibus
1529 2517 1762 2560 abstractas,

143 2563 298 2604 oportet
318 2561 422 2607 quod
443 2562 504 2597 vel
534 2562 733 2609 intelligat
760 2572 830 2609 per
850 2563 1006 2608 species
1026 2563 1258 2609 hujusmodi
1280 2564 1527 2602 substantias
1547 2566 1764 2614 separatas,

141 2605 202 2641 vel
224 2615 243 2641 0
262 2616 468 2645 converso.
486 2609 772 2656 Quodcumque
793 2613 925 2647 autem
947 2610 1073 2655 detur,
1096 2611 1278 2657 sequitur
1293 2611 1398 2657 quod
1413 2619 1487 2647 003
1502 2610 1765 2655 intelligimus

143 2651 389 2690 substantias
411 2659 628 2701 separatas,
651 2658 758 2703 quia,
779 2657 813 2693 si
845 2667 921 2695 005
951 2657 1216 2704 intelligimus
1249 2662 1412 2695 naturas
1433 2656 1699 2700 sensibilium,
1723 2658 1765 2693 in

142 2702 335 2751 quantum
358 2701 543 2748 intelligit
563 2713 631 2741 cas
652 2704 878 2741 intellectus
901 2704 1110 2750 possibilis
1135 2704 1375 2751 (intellectus
1398 2707 1527 2740 autem
1543 2703 1765 2755 ⁸possibilis

141 2746 330 2792 intelligit
348 2756 430 2791 eas,
453 2758 523 2793 per
542 2750 617 2787 lioc
651 2751 757 2796 quod
785 2751 973 2798 intelligit
993 2752 1238 2789 substantias
1261 2750 1493 2797 separatas),
1516 2750 1703 2786 similiter
1722 2754 1761 2787 ct

141 2799 218 2829 nos
235 2792 499 2840 intelligimus
516 2807 524 2839 ;
544 2800 583 2831 ct
602 2797 799 2843 similiter,
822 2799 856 2835 si
879 2799 930 2835 sit
951 2809 970 2835 0
991 2808 1198 2835 converso.
1217 2800 1296 2835 Hoc
1316 2801 1446 2834 autem
1468 2800 1528 2833 est
1549 2798 1758 2836 nianit'este

141 2838 302 2876 falsum.
321 2842 407 2893 Non
429 2841 549 2887 igitur
569 2842 793 2881 intellectus
814 2845 1022 2890 possibilis
1042 2845 1228 2892 intelligit
1260 2843 1507 2883 substantias
1528 2849 1758 2892 separatam

141 2893 224 2924 non
244 2890 304 2925 est
326 2888 449 2935 igitur
468 2888 690 2927 substantia
707 2895 903 2939 separata.
