1894 3223
75 185 145 219 28ss
658 174 746 209 LIB.
774 173 839 215 ΠΙ,
867 171 968 208 CAP.
997 171 1114 207 XXIV.

727 352 895 394 CAPUT
912 351 1053 392 XXIV.

213 478 310 512 QUOD
336 476 461 506 OMNIA
483 474 686 505 APPETUNT
702 473 850 509 BONUM,
876 472 1000 501 ETIAM
1024 472 1112 506 QUAE
1135 470 1369 501 COGNITIONE
1395 469 1562 500 GARENT.

127 587 165 625 Si
186 590 316 624 autem
336 593 482 631 corpus
502 583 697 621 coelestea
710 581 935 619 substantia
949 580 1206 617 intellectuali
1220 583 1412 624 movetur,
1427 582 1471 617 ut
1486 581 1697 616 ostensum

80 639 141 672 est
161 634 208 680 (c.
228 634 303 679 23),
324 636 458 670 motus
487 635 619 668 autem
647 629 827 675 corporis
848 628 1023 680 coelestis
1042 627 1248 664 ordinatur
1268 627 1324 674 adv
1338 626 1639 674 generationem
1658 625 1703 662 in

79 680 353 724 inferioribus,
373 687 539 716 necesse
559 676 743 724 estquod
759 678 1039 723 generationes
1059 678 1098 710 et
1116 677 1249 711 motus
1267 674 1438 711 istorum
1466 672 1705 710 inferiorum

79 728 297 776 procedant
314 736 362 764 ex
380 726 602 763 intentione
620 722 854 761 substantiae
873 720 1149 768 intelligentis.
1171 722 1215 757 In
1230 720 1412 758 eumdem
1440 721 1546 757 enim
1579 720 1706 756 fertur

79 776 199 813 finem
243 773 412 811 intentio
445 771 679 819 principalis
715 770 871 817 agentis
891 773 929 806 et
965 768 1239 805 instrumenti.
1282 767 1432 804 Ccelum
1479 771 1610 804 autern
1645 768 1710 803 est

81 832 204 860 causa
221 821 455 858 inferiorum
476 822 671 861 motuum,
694 817 913 854 secundum
932 825 1050 853 suum
1072 819 1222 852 motum
1242 823 1322 862 quo
1350 817 1530 851 movetur
1561 823 1585 850 a
1609 813 1707 850 sub-

82 870 228 908 stantia
245 867 502 905 intellectuali
520 878 529 910 3
548 866 729 913 sequitur
745 873 840 910 ergo
857 863 963 910 quod
985 863 1038 900 sit
1058 863 1162 899 sicut
1188 862 1498 898 instrumentum
1525 860 1705 897 intellec-

81 917 202 954 tualis
229 914 476 953 substantiae.
509 914 608 950 Sunt
636 912 758 959 igitur
788 912 926 949 formae
957 914 994 947 et
1022 913 1155 947 motus
1184 909 1420 946 inferiorum
1440 916 1654 954 corporum
1684 916 1710 945 a

84 963 309 1002 substantia
339 960 598 998 intellectuali
629 963 801 997 causatae
835 962 873 995 et
903 958 1064 994 intentae
1098 957 1202 994 sicut
1233 955 1485 1002 aprincipali
1503 958 1661 1002 agente,
1684 963 1710 992 a

84 1019 248 1057 corpore
274 1018 368 1047 vero
402 1008 554 1046 coelesti
586 1007 690 1045 sicut
719 1006 768 1043 ab
797 1006 1055 1042 intrumento.
1079 1005 1240 1050 Oportet
1259 1007 1390 1040 autem
1420 1002 1527 1050 quod
1550 1002 1707 1048 species

83 1067 220 1096 eorum
240 1065 328 1104 quae
363 1058 580 1093 causantur
599 1058 637 1091 et
659 1052 921 1090 intenduntur
955 1052 1002 1089 ab
1039 1051 1298 1088 intellectuali
1331 1054 1487 1096 agente,
1518 1049 1707 1096 praeexis-

83 1109 170 1143 tant
189 1106 229 1141 in
249 1103 452 1140 intellectu
470 1103 614 1148 ipsius,
638 1102 742 1138 sicut
761 1101 898 1137 formae
919 1098 1216 1136 artificiatorum
1236 1098 1495 1143 praeexistunt
1513 1097 1556 1133 in
1590 1096 1706 1133 intel-

83 1153 188 1190 lectu
219 1150 397 1194 artificis,
427 1153 465 1186 et
493 1159 541 1186 ex
567 1149 626 1185 eis
647 1147 930 1185 derivanturin
951 1146 1131 1183 effectus.
1151 1145 1434 1191 Omnesigitur
1455 1144 1592 1181 formae
1620 1151 1707 1189 quae

86 1202 179 1238 sunt
198 1199 240 1234 in
257 1197 347 1235 istis
364 1195 621 1234 inferioribus
635 1198 674 1232 et
693 1203 834 1232 omnes
853 1197 986 1230 motus
1001 1192 1315 1230 determinantur
1328 1201 1351 1228 a
1367 1191 1507 1228 formis
1528 1190 1705 1227 intellec·

84 1246 260 1284 tualibus
292 1253 379 1292 quae
409 1247 503 1281 sunt
534 1244 575 1279 in
605 1242 807 1278 intellectu
840 1241 1011 1287 alicujus
1041 1239 1275 1277 substantiae
1301 1238 1361 1275 vel
1389 1239 1632 1285 aliquarum.
1666 1239 1708 1274 Et

84 1297 245 1341 propter
264 1292 338 1329 hoc
356 1291 451 1328 dicit
472 1290 632 1327 Boetius
654 1289 717 1336 (De
737 1289 884 1333 Trinit„
905 1297 938 1324 c.
960 1288 994 1334 3)
1016 1286 1121 1334 quod
1142 1287 1279 1323 fortnae
1299 1294 1387 1333 quae
1405 1290 1500 1322 sunt
1524 1285 1567 1322 in
1588 1287 1707 1321 mate-

85 1341 147 1378 ria
167 1342 397 1376 venerunta
415 1337 555 1375 formis
571 1345 659 1384 quae
675 1340 769 1373 sunt
788 1336 876 1373 sine
895 1336 1086 1378 materia3
1108 1338 1158 1377 et,
1183 1336 1375 1380 quantum
1396 1332 1442 1369 ad
1464 1333 1554 1377 hoc,
1575 1330 1706 1368 verifi=

86 1391 198 1425 catur
210 1386 357 1424 dictum
376 1383 682 1431 Platonis,quod
702 1383 838 1420 formae
859 1385 1049 1428 separatae
1064 1385 1158 1418 sunt
1176 1380 1372 1426 principia
1386 1379 1602 1417 formarum
1618 1386 1706 1425 quae

87 1438 182 1472 sunt
212 1434 252 1470 in
280 1433 458 1475 materia,
481 1432 572 1468 licet
604 1430 783 1477 posuerit
802 1438 870 1466 eas
890 1438 959 1475 per
982 1438 1025 1466 se
1047 1427 1313 1465 subsistentes
1334 1430 1372 1463 et
1389 1429 1602 1464 causantes
1631 1427 1707 1462 im-

86 1481 256 1519 mediate
277 1480 424 1516 formas
445 1477 717 1519 sensibilium:
739 1485 814 1514 nos
825 1485 916 1513 vero
928 1476 1117 1521 ponimus
1132 1483 1201 1512 eas
1215 1474 1257 1510 in
1270 1473 1474 1511 intellectu
1490 1473 1707 1510 existentes

88 1533 126 1566 et
146 1530 357 1565 causantes
378 1526 526 1563 formas
550 1525 757 1561 inferiores
777 1533 846 1570 per
862 1527 1014 1560 motum
1035 1522 1138 1559 coeli.

135 1575 236 1620 Quia
255 1583 348 1611 vero
370 1582 488 1610 omne
508 1571 614 1619 quod
635 1574 815 1608 movetur
830 1570 877 1608 ab
892 1570 1032 1621 ¹aliquo
1055 1578 1125 1615 per
1144 1577 1188 1606 se
1207 1571 1245 1605 et
1263 1576 1346 1605 non
1367 1566 1588 1605 secundum
1608 1565 1709 1604 acci-

90 1622 203 1666 dens,
226 1621 410 1668 dirigitur
430 1620 478 1657 ab
495 1628 542 1656 eo
560 1619 601 1655 in
622 1618 742 1655 finem
765 1619 829 1655 sui
849 1621 998 1661 motus,
1019 1625 1164 1662 corpus
1184 1618 1317 1653 autem
1346 1615 1508 1652 coeleste
1528 1618 1709 1651 movetur

90 1679 112 1707 a
132 1669 356 1706 substantia
381 1666 638 1704 intellectuali
667 1669 706 1703 et
725 1669 863 1703 causat
881 1674 951 1712 per
971 1665 1033 1702 sui
1055 1667 1206 1700 motum
1227 1671 1370 1700 omnes
1390 1666 1524 1700 motus
1543 1662 1586 1699 in
1618 1661 1708 1699 istis

87 1716 361 1757 inferioribus,
387 1713 659 1752 necessarium
680 1716 741 1750 est
759 1712 865 1759 quod
881 1721 1027 1758 corpus
1046 1711 1206 1749 coeleste
1228 1709 1421 1755 dirigatur
1440 1709 1483 1746 in
1502 1708 1622 1746 finem
1643 1708 1709 1745 sui

89 1768 224 1801 motus
244 1772 314 1810 per
339 1762 602 1800 substantiam
620 1760 943 1803 intellectualem,
964 1762 1002 1795 et
1023 1767 1091 1804 per
1121 1765 1374 1804 consequens
1402 1756 1594 1793 inferiora
1623 1764 1710 1792 cor-

89 1820 190 1857 pora
209 1811 248 1847 in
270 1809 454 1856 proprios
473 1808 575 1845 fines

139 1857 204 1894 Sic
223 1857 346 1903 igitur
363 1864 444 1893 non
464 1858 526 1892 est
543 1853 705 1892 difficile
723 1852 857 1891 videre
877 1852 1047 1900 qualiter
1075 1851 1274 1888 naturalia
1292 1858 1460 1896 corpora
1478 1849 1718 1896 cognitione*

90 1904 265 1942 carentia
310 1906 544 1940 moveantur
574 1905 612 1938 et
658 1905 778 1947 agant
820 1903 980 1946 propter
1017 1898 1151 1934 finem.
1173 1897 1354 1934 Tendunt
1373 1897 1479 1933 enim
1500 1896 1542 1932 in
1588 1895 1709 1934 finem

90 1952 196 1989 sicut
223 1950 373 1987 directa
394 1950 436 1986 in
463 1948 583 1986 finem
616 1957 638 1985 a
669 1947 894 1986 substantia
921 1946 1168 1991 intelligente
1188 1954 1259 1991 per
1278 1943 1441 1981 modum
1463 1952 1542 1991 quo
1563 1943 1711 1989 sagitta

88 1997 217 2035 tendit
244 1997 293 2034 ad
328 1997 489 2043 signum
522 1996 669 2032 directa
698 2005 721 2032 a
752 1995 989 2041 sagittante;
1021 1993 1125 2030 sicut
1151 1992 1256 2028 enim
1275 1991 1421 2038 sagitta
1446 1991 1710 2037 consequitur

88 2044 392 2081 inclinationem
430 2043 478 2080 ad
516 2043 675 2089 signum
701 2041 784 2079 sive
812 2041 861 2078 ad
892 2039 1012 2077 finem
1044 2039 1348 2076 determinatum
1378 2047 1426 2074 ex
1462 2037 1710 2084 impulsione

91 2091 334 2138 sagittantis,
357 2091 413 2127 ita
443 2099 608 2136 corpora
642 2088 839 2126 naturalia
870 2091 1169 2134 consequuntur
1196 2085 1501 2122 inclinationem
1531 2085 1572 2121 in
1605 2083 1709 2122 fines

90 2138 293 2176 naturales
313 2148 360 2174 ex
380 2137 633 2174 moventibus
652 2135 915 2180 naturalibus,
937 2144 985 2171 ex
1004 2134 1151 2181 quibus
1171 2133 1395 2170 sortiuntur
1412 2140 1509 2170 suas
1541 2131 1710 2176 formas,

91 2189 131 2223 et
158 2186 324 2222 virtutes
356 2188 394 2221 et
423 2187 569 2221 motus.
592 2183 700 2227 Unde
735 2183 853 2219 etiam
874 2185 980 2228 patet
998 2181 1103 2228 quod
1124 2180 1330 2227 quodlibet
1347 2188 1449 2225 opus
1474 2182 1626 2216 naturae
1647 2182 1710 2215 est

92 2241 193 2278 opus
214 2232 446 2269 substantiae
463 2231 743 2278 intelligentis;
767 2238 857 2267 nam
877 2228 1042 2266 effectus
1062 2227 1324 2274 principalius
1336 2227 1566 2264 attribuitur
1579 2226 1711 2272 primo

91 2279 264 2316 moventi
283 2278 468 2326 dirigenti
487 2279 528 2315 in
543 2278 662 2314 finem
679 2286 798 2324 quam
819 2276 1096 2314 instrumentis
1117 2275 1166 2312 ab
1187 2283 1234 2311 eo
1255 2274 1444 2319 directis;
1478 2277 1517 2310 et
1551 2276 1713 2319 propter

90 2326 168 2364 hoc
188 2327 440 2372 operationes
472 2330 622 2362 naturae
654 2325 913 2361 inveniuntur
930 2323 1112 2360 ordinate
1131 2321 1346 2369 procedere
1365 2321 1414 2358 ad
1447 2319 1583 2364 finem,
1605 2321 1714 2357 sicut

91 2374 344 2420 operationes
377 2373 584 2420 sapientis.
607 2372 773 2409 Planum
795 2372 914 2420 igitur
932 2371 976 2408 fit
994 2369 1101 2417 quod
1132 2378 1180 2406 ea
1204 2369 1323 2405 etiam
1356 2376 1445 2415 quae
1477 2367 1712 2414 cognitione

91 2424 226 2458 carent
246 2424 414 2467 possunt
435 2420 588 2466 operari
600 2423 759 2466 propter
772 2418 906 2463 finem,
922 2422 960 2454 et
971 2420 1153 2463 appetere
1167 2416 1316 2453 bonum
1331 2414 1503 2453 naturali
1517 2414 1710 2461 appetitu,

92 2472 129 2505 et
150 2472 331 2514 appetere
345 2467 519 2505 divinam
533 2466 838 2504 similitudinem
859 2468 897 2502 et
914 2464 1114 2512 propriam
1134 2463 1431 2510 perfectionem.
1453 2463 1539 2499 Non
1558 2465 1620 2499 est
1639 2470 1710 2497 au·

91 2517 168 2551 tem
191 2514 414 2552 differentia
432 2514 515 2552 sive
540 2515 615 2551 hoc
634 2514 717 2550 sive
733 2513 832 2550 illud
854 2512 1018 2550 dicatur.
1044 2513 1140 2548 Nam
1162 2520 1231 2557 per
1249 2510 1325 2547 hoc
1344 2509 1512 2547 tendunt
1531 2509 1574 2546 in
1593 2515 1711 2545 suam

91 2562 373 2606 perfectionem
406 2561 512 2609 quod
547 2561 714 2598 tendunt
739 2559 788 2597 ad
818 2560 983 2604 bonum,
1004 2567 1127 2606 quum
1162 2557 1475 2604 unumquodque
1495 2556 1710 2592 intantum

92 2608 242 2644 bonum
261 2609 316 2660 sit
333 2609 374 2645 in
395 2612 586 2656 quantum
606 2611 667 2645 est
684 2607 915 2654 perfectum.
937 2605 1164 2643 Secundum
1180 2613 1273 2642 vero
1294 2603 1401 2652 quod
1420 2602 1546 2640 tendit
1565 2601 1614 2653 ad
1634 2600 1714 2637 hoc

95 2654 217 2706 quod·
235 2659 286 2691 su
304 2655 454 2692 bonum
478 2655 606 2692 tendit
629 2655 671 2691 in
689 2655 864 2691 divinam
886 2652 1215 2696 similitudinem;
1238 2653 1319 2688 Deo
1339 2650 1444 2687 enim
1466 2647 1716 2686 assimilatur

95 2700 247 2747 aliquid
279 2701 318 2737 in
359 2706 550 2750 quantum
577 2702 728 2739 bonum
751 2705 834 2745 est;
862 2701 1013 2738 bonum
1033 2703 1165 2737 autem
1185 2699 1262 2736 hoc
1280 2697 1342 2734 vel
1360 2696 1454 2733 illud
1474 2694 1713 2742 particulare

92 2747 212 2785 habet
242 2747 348 2794 quod
380 2748 432 2785 sit
467 2749 692 2795 appetibile,
727 2748 768 2786 in
805 2751 997 2795 quantum
1027 2750 1088 2784 est
1119 2744 1341 2783 similitudo
1361 2743 1498 2789 primae
1518 2742 1712 2779 bonitatis

93 2797 253 2846 propter
288 2794 364 2831 hoc
394 2794 517 2841 igitur
550 2795 675 2832 tendit
704 2795 746 2832 in
775 2795 980 2842 proprium
1012 2792 1163 2831 bonum
1219 2791 1286 2829 uia
1315 2789 1441 2827 tendit
1470 2789 1510 2825 in
1535 2788 1712 2825 divinam

95 2839 471 2893 similitudinem-et
487 2850 566 2878 non
588 2851 609 2877 e
629 2850 836 2879 converso.
861 2841 967 2878 Unde
983 2843 1090 2887 patet
1108 2847 1186 2886 quo
1241 2837 1378 2875 omnia
1396 2839 1587 2883 appetunt
1619 2835 1715 2872 divi·

97 2896 189 2925 nam
211 2887 519 2925 similitudinem
540 2889 653 2934 quasi
675 2889 857 2925 ultimum
878 2888 1011 2924 finem.

145 2937 293 2972 Bonum
312 2939 443 2972 autem
461 2943 578 2971 suum
599 2935 812 2981 cujuslibet
831 2936 886 2971 rei
904 2937 1034 2980 potest
1056 2932 1180 2980 accipi
1199 2930 1483 2977 multipliciter.
1509 2931 1594 2967 Uno
1626 2929 1716 2977 qui·

1855 0 1886 173 *rw*
