1894 3223
652 126 739 165 LIB.
768 129 832 172 111,
860 126 961 165 CAP.
991 128 1133 165 LXXVI.
1631 127 1699 162 359

81 214 170 267 Ipse
191 212 314 260 igitur
331 210 511 263 emnium
529 209 793 261 singularium
812 209 991 261 ordinem
1007 209 1225 256 excogitat:
1245 208 1332 255 ejus
1351 207 1473 255 igitur
1492 206 1701 254 providen-

82 264 139 299 tia
160 264 221 297 est
240 266 418 296 omnium
440 256 704 304 singularium
728 257 968 293 immediate.

129 308 229 347 Item,
249 305 290 343 in
305 304 425 342 rebus
445 303 633 342 humanis
652 302 862 340 inferiores
882 304 1109 349 provisores
1130 313 1198 350 per
1215 311 1329 340 suam
1350 300 1585 340 industriam
1599 300 1703 339 ordi-

84 362 174 392 nem
194 352 421 390 excocritant
439 351 481 388 in
502 350 565 388 his
586 358 755 397 quorum
776 350 1011 396 gubernatio
1031 351 1091 387 eis
1111 360 1135 388 a
1154 349 1391 398 praesidente
1414 348 1699 387 committitur:

82 408 202 448 quam
222 381 381 447 quiiiem
401 397 638 436 iudustriam
660 407 684 435 a
710 396 946 443 praesidente
977 398 1136 435 bomine
1173 405 1252 434 non
1288 396 1447 442 babent,
1480 395 1551 434 sed
1585 403 1702 433 usum

84 447 226 494 ipsius.
248 447 286 484 Si
307 454 398 484 vero
420 455 443 482 a
462 445 667 492 superiore
688 453 773 482 eam
795 444 998 489 haberent,
1019 445 1097 491 jam
1131 443 1328 482 ordinatio
1356 452 1424 489 per
1455 442 1702 490 superiorem

84 495 196 532 fieret
215 505 224 530 :
246 493 323 540 ipsi
344 496 476 532 autem
494 496 630 530 essent
649 491 759 530 illius
778 491 1043 530 ordinationis
1065 501 1144 529 non
1165 490 1408 538 provisores,
1429 489 1500 528 sed
1520 494 1705 527 executo-

86 550 161 578 res.
185 541 348 578 Constat
366 544 497 578 autem
521 549 590 586 per
610 539 837 586 supradicta
857 538 938 585 (lib.
961 548 988 581 1,
1015 548 1102 586 cap.
1122 542 1179 583 11,
1198 541 1236 575 et
1257 537 1325 575 lib.
1344 546 1403 581 111,
1418 545 1502 583 cap.
1520 537 1579 583 67)
1595 535 1703 583 quod

86 587 217 626 omnis
238 586 435 634 sapientia
451 590 488 625 et
509 586 734 624 intellectus
748 596 771 623 a
788 595 945 624 summo
965 588 1044 624 Deo
1061 587 1100 623 in
1114 584 1302 623 omnibus
1323 584 1591 621 intellectibus
1608 593 1702 621 cau-

87 640 196 674 satur
212 647 222 680 ;
240 643 313 672 nec
331 634 558 672 intellectus
572 633 718 681 aliquis
735 637 865 680 potest
879 633 1029 680 aliquid
1049 632 1269 680 intelligere
1288 630 1367 668 nisi
1386 631 1528 668 virtute
1549 631 1702 674 divinem

86 683 189 720 sicut
207 691 280 720 nec
297 681 459 729 aliquod
481 689 605 729 agens
631 686 815 728 operatur
834 680 913 718 nisi
934 681 974 718 in
991 683 1182 728 quantum
1203 680 1286 725 agit
1311 678 1452 716 virtute
1472 678 1615 724 ipsius.
1639 679 1706 716 Est

85 729 304 777 igituripse
321 729 426 767 Deus
441 728 666 766 immediate
688 737 761 766 sua
780 727 1027 774 providentia
1040 727 1175 765 omnia
1186 725 1446 772 dispensans;
1464 725 1705 772 quicumque

87 785 178 814 vero
199 776 274 814 sub
300 776 389 825 ipso
409 776 636 823 provisores
666 774 865 819 dicuntur,
892 778 987 812 sunt
1021 773 1277 820 providentiae
1309 773 1437 818 ipsius
1458 777 1703 810 executores.

134 823 325 866 Praeterea.
346 823 529 870 superior
548 822 795 869 providentia
817 822 883 859 dat
903 821 1063 867 regulus
1092 821 1349 868 providentia}
1380 819 1573 860 inferiori,
1601 819 1706 857 sicut

87 870 276 917 politicus
297 869 362 907 dat
386 870 544 916 regulas
563 874 601 906 et
619 870 727 916 leges
747 869 837 906 duci
860 869 1070 913 exercitus,
1087 868 1154 915 qui
1175 868 1240 906 dat
1259 868 1367 914 leges
1385 871 1424 903 et
1442 867 1602 913 regulas
1616 874 1706 904 cen·

87 917 316 956 turionibus
337 921 373 954 et
399 917 585 955 tribunis.
607 917 645 954 Si
667 917 788 963 igitur
808 915 882 953 sub
899 916 1026 962 prima
1059 915 1306 962 providentia
1341 914 1408 950 Dei
1438 914 1583 951 summi
1611 916 1707 950 sunt

87 964 176 1003 aliae
195 964 467 1012 providentiae,
484 967 634 1010 oportet
657 962 763 1011 quod
781 964 884 1001 Deus
902 963 982 1000 illis
1004 963 1192 1000 secundis
1213 962 1274 999 vel
1289 961 1416 999 tertiis
1430 959 1706 1007 provisoribus

88 1011 154 1050 det
172 1011 332 1059 regulas
344 1011 407 1048 sui
425 1010 646 1058 regiminis.
681 1014 753 1047 Aut
772 1019 866 1057 ergo
887 1010 953 1047 dat
972 1010 1031 1047 eis
1053 1009 1211 1056 regulas
1233 1013 1270 1045 et
1300 1008 1409 1055 leges
1443 1007 1705 1052 universales,

90 1063 159 1096 aut
177 1058 450 1105 particulares.
480 1058 518 1095 Si
542 1062 673 1094 autem
704 1057 770 1094 dat
802 1057 861 1094 eis
893 1057 1139 1094 universales
1171 1056 1331 1102 regulas
1362 1055 1584 1100 regiminis,
1615 1062 1704 1091 cum

90 1105 338 1143 universales
354 1114 395 1141 re
427 1104 500 1142 ulae
518 1113 599 1141 non
623 1103 781 1150 possint
798 1112 955 1149 semper
970 1103 1016 1140 ad
1038 1103 1292 1149 particularia
1310 1102 1512 1148 applicari,
1536 1102 1707 1138 maxime

87 1152 130 1190 in
157 1151 276 1205 rebus
290 1113 520 1204 mobffibus,
541 1160 629 1199 quae
649 1159 730 1189 non
754 1159 910 1203 semper
929 1150 1068 1188 eodem
1086 1150 1204 1187 modo
1241 1159 1284 1187 se
1316 1149 1476 1193 habent,
1509 1152 1708 1200 oporteret

89 1199 194 1247 quod
209 1199 267 1237 1111
288 1207 516 1246 provisores
531 1198 696 1236 secundi
711 1198 772 1235 vel
795 1202 899 1234 tertii
918 1198 1157 1244 quandoque
1170 1200 1308 1242 praeter
1323 1197 1483 1244 regulas
1500 1197 1575 1233 sibi
1598 1195 1709 1232 datas

90 1245 320 1285 ordinarent
340 1245 388 1283 de
417 1245 536 1283 rebus
556 1254 639 1283 suae
671 1245 891 1292 provisioni
923 1245 1127 1291 subjectis.
1162 1244 1356 1282 Haberent
1390 1251 1485 1289 ergo
1512 1243 1709 1289 judiciuin

90 1302 211 1340 super
229 1293 387 1342 regulas
406 1297 602 1340 acceptas,
621 1292 780 1340 quando
804 1292 1024 1330 secundum
1045 1301 1113 1329 eas
1132 1293 1331 1338 oporteret
1349 1299 1479 1336 agere,
1497 1294 1534 1327 et
1551 1289 1710 1337 quando

91 1350 159 1379 eas
173 1341 469 1388 praetermittere
485 1343 695 1386 oporteret.
718 1339 830 1384 Quod
851 1348 941 1377 esse
966 1348 1044 1376 non
1067 1343 1210 1385 potest,
1231 1337 1417 1385 quiahoc
1437 1337 1632 1383 judicium
1661 1337 1710 1374 ad

93 1388 339 1441 superiorem
355 1387 537 1434 pertinet.
559 1388 652 1424 Nam
676 1387 761 1433 ejus
775 1390 836 1424 est
855 1387 1103 1433 interpretari
1127 1386 1236 1432 leges
1251 1389 1290 1422 et
1311 1385 1544 1430 dispensare
1565 1385 1607 1421 in
1636 1384 1710 1427 eis,

94 1443 207 1482 quus
227 1438 288 1473 est
306 1443 375 1473 eas
392 1434 576 1472 condere.
596 1435 677 1471 Hoc
697 1434 818 1480 igitur
833 1433 1028 1479 judicium
1050 1434 1097 1470 de
1117 1433 1268 1479 regulis
1295 1431 1589 1469 universalibus
1609 1430 1711 1468 datis

95 1485 249 1528 oportet
268 1482 374 1530 quod
393 1481 463 1518 tiat
480 1491 550 1527 per
567 1490 795 1527 supremum
814 1481 1073 1526 provisorem.
1092 1480 1202 1524 Quod
1222 1479 1382 1526 quidem
1403 1487 1493 1516 esse
1515 1487 1594 1515 non
1617 1487 1712 1523 pos-

95 1533 169 1574 set,
201 1528 236 1566 si
262 1537 307 1566 se
338 1528 580 1566 ordinationi
612 1527 755 1565 horum
788 1527 1053 1574 singularium
1086 1527 1312 1564 immediate
1344 1534 1425 1563 non
1455 1526 1710 1562 immisceret.

96 1576 256 1622 Oportet
272 1575 394 1623 igitur
413 1574 633 1613 secundum
653 1575 729 1612 hoc
741 1574 846 1622 quod
862 1575 914 1611 sit
933 1574 1075 1612 horum
1087 1573 1340 1612 immediatus
1357 1573 1552 1619 provisor.
1565 1572 1603 1610 Si
1617 1580 1712 1609 vero

96 1623 260 1661 secundi
282 1626 319 1659 et
335 1623 439 1660 tertii
460 1622 686 1669 provisores
718 1631 740 1659 a
768 1630 926 1659 summo
954 1622 1159 1667 provisore
1191 1619 1451 1666 particulares
1481 1619 1642 1665 regulas
1674 1622 1712 1656 et

95 1670 205 1717 leges
221 1670 434 1716 accipiunt,
457 1669 665 1707 manifeste
684 1673 857 1716 apparet,
879 1668 985 1715 quod
1006 1668 1149 1706 horum
1167 1667 1433 1714 singularium
1456 1666 1655 1704 ordinatio
1671 1665 1714 1702 fit

95 1717 322 1755 immediate
335 1726 404 1763 per
423 1715 597 1754 divinam
616 1715 918 1763 providentiam.

142 1765 325 1810 Amplius,
344 1771 501 1809 semper
520 1763 702 1810 provisor
722 1763 904 1808 superior
923 1761 1042 1799 habet
1056 1761 1251 1808 judicium
1273 1761 1321 1798 de
1342 1760 1406 1798 his
1425 1770 1514 1807 quae
1534 1761 1583 1797 ab
1614 1761 1712 1797 infe·

96 1810 271 1850 rioribus
287 1809 563 1857 provisoribus
583 1809 831 1855 ordinantur,
852 1814 984 1847 utrum
1004 1809 1087 1847 sint
1101 1809 1201 1846 bene
1216 1807 1413 1853 ordinata,
1433 1816 1571 1844 necne.
1589 1808 1627 1843 Si
1644 1807 1714 1853 igi-

95 1862 161 1897 tur
178 1857 346 1897 secundi
366 1857 594 1906 provisores
613 1857 675 1894 vel
694 1856 799 1895 tertii
822 1857 905 1894 sint
932 1855 1007 1894 sub
1037 1857 1117 1893 Deo
1151 1856 1279 1902 primo
1312 1855 1531 1900 provisore,
1556 1857 1716 1900 oportet

96 1905 203 1953 quod
221 1907 325 1943 Deus
341 1904 535 1952 ,iudicium
557 1903 701 1943 habeat
730 1904 777 1941 de
796 1903 859 1942 his
876 1912 965 1951 quae
984 1902 1032 1941 ab
1053 1903 1112 1941 eis
1138 1902 1375 1940 ordinantur
1394 1914 1403 1938 ε
1455 1902 1532 1939 11011
1553 1901 1713 1948 quidem

97 1961 187 1992 esse
207 1961 289 1990 non
308 1955 452 2000 potest,
473 1952 509 1990 si
530 1951 673 1990 horum
700 1951 966 1998 singularium
992 1950 1173 1988 ordinem
1202 1958 1286 1988 11011
1315 1948 1428 1988 consi
1461 1953 1555 1987 erat.
1593 1948 1715 1986 Habet

97 2009 193 2048 ergo
213 2000 299 2046 ipse
319 2008 388 2046 per
411 1999 590 2046 seipsum
607 2007 743 2036 curam
764 1998 812 2036 de
831 1998 896 2036 his
916 1997 1204 2045 singularibus.

145 2046 289 2088 Adhuc,
313 2046 349 2084 si
362 2047 468 2084 Deus
487 2055 557 2093 per
575 2046 754 2093 seipsum
777 2045 1004 2083 immediate
1024 2045 1216 2082 inferiora
1245 2043 1469 2091 singularia
1488 2052 1569 2081 non
1589 2049 1715 2086 curat,

99 2095 178 2133 hoc
196 2101 279 2131 non
299 2096 362 2131 est
380 2093 459 2131 nisi
476 2093 537 2130 vel
560 2093 655 2140 quia
673 2102 720 2131 ea
738 2092 918 2140 despicit,
943 2093 1004 2129 vel
1025 2101 1074 2129 ne
1093 2092 1180 2139 ejus
1200 2091 1375 2138 dignitas
1399 2091 1643 2138 inquinetur,
1674 2094 1717 2128 ut

99 2139 261 2194 quidam
281 2139 418 2177 dicunt
430 2139 622 2186 (Averrh.,
633 2139 817 2186 Metaph„
829 2148 900 2184 ΧΠ,
916 2143 1009 2177 text.
1026 2148 1171 2177 comm.
1186 2141 1230 2177 37
1246 2142 1286 2176 et
1299 2138 1372 2186 51).
1385 2139 1467 2176 Hoc
1477 2142 1608 2176 autem
1624 2138 1718 2175 irra-

100 2185 293 2226 tionabile
306 2190 388 2240 est3
405 2195 495 2224 nam
511 2186 673 2235 dignius
687 2186 919 2234 estprovide
931 2187 1156 2234 aliquorum
1168 2185 1461 2224 ordinationem
1477 2185 1715 2231 excogitare,

103 2242 223 2282 quam
239 2234 280 2271 in
301 2242 361 2271 eis
377 2233 545 2281 operari.
567 2233 607 2272 Si
624 2233 747 2282 igitur
762 2235 867 2271 Deus
881 2234 924 2271 in
937 2233 1126 2271 omnibus
1143 2236 1341 2280 operatur,
1357 2232 1462 2270 sicut
1481 2241 1601 2278 supra
1615 2233 1717 2277 (cap.

102 2281 160 2328 67)
181 2285 388 2319 ostensum
406 2282 482 2326 est,
501 2289 574 2318 nec
593 2280 636 2318 in
656 2281 733 2319 hoc
752 2280 903 2328 aliquid
934 2281 1022 2328 ejus
1059 2279 1242 2328 dignitati
1276 2280 1503 2326 derogatur,
1537 2278 1716 2325 quinimo

101 2327 272 2376 pertinet
288 2327 338 2366 ad
357 2327 444 2375 ejus
463 2327 727 2366 universalem
748 2331 787 2365 et
803 2336 1001 2366 summam
1014 2327 1214 2372 virtutem,
1233 2326 1346 2364 nullo
1365 2326 1485 2363 modo
1499 2325 1718 2370 despicien-

106 2376 197 2413 dum
217 2377 278 2413 est
291 2374 342 2420 ei,
363 2373 425 2412 vel
436 2373 522 2422 ejus
536 2374 769 2421 dignitatem
788 2374 1066 2422 commaculat,
1078 2374 1114 2413 si
1132 2374 1240 2413 circa
1254 2372 1340 2412 haec
1352 2372 1719 2420 singulariaimme-

39 2453 43 2455 .
106 2423 207 2461 diate
219 2420 508 2469 providentiam
525 2411 681 2460 habeat.

147 2470 249 2514 Item,
270 2468 403 2507 omnis
423 2469 584 2515 sapiens
599 2469 667 2516 qui
686 2467 849 2515 provide
868 2477 944 2506 sua
955 2468 1099 2506 virtute
1117 2469 1255 2513 utitur,
1273 2467 1317 2504 111
1350 2466 1506 2512 agendo
1537 2465 1717 2504 modera-

106 2520 168 2555 tur
185 2525 270 2555 suae
288 2515 446 2553 virtutis
466 2523 597 2556 usum,
613 2515 806 2554 ordinans
823 2515 873 2553 ad
891 2514 987 2563 quid
1007 2519 1046 2553 et
1063 2519 1254 2562 quantum
1273 2513 1502 2560 proveniat3
1521 2512 1622 2551 alias
1640 2512 1719 2551 vir-

106 2566 168 2602 tus
183 2563 228 2602 in
242 2562 398 2612 agendo
419 2563 656 2609 sapientiam
680 2571 762 2600 non
788 2562 1032 2609 sequeretur.
1065 2564 1227 2600 Constat
1257 2564 1389 2598 autem
1418 2570 1466 2597 ex
1497 2561 1717 2606 praemissis

106 2610 211 2695 guod
229 2609 364 2649 divina
382 2610 509 2647 virtus
528 2609 570 2647 in
587 2609 788 2656 operando
808 2618 936 2656 usque
956 2608 1006 2646 ad
1035 2608 1174 2646 infima
1200 2616 1333 2646 rei-um
1363 2607 1565 2654 pervenit;
1595 2608 1718 2654 igitur

135 2656 237 2696 ivina
253 2657 450 2704 sapientia
468 2660 529 2694 est
548 2655 770 2694 ordinative
793 2656 874 2703 qui,
903 2658 942 2692 et
966 2659 1076 2703 quot,
1108 2659 1146 2693 et
1174 2655 1344 2702 qualiter
1376 2664 1424 2692 ex
1456 2656 1542 2702 ejus
1571 2655 1716 2694 virtute

108 2704 413 2753 progrediantur
431 2703 610 2748 effectus,
629 2703 746 2741 etiam
771 2703 814 2741 in
833 2701 983 2740 infimis
996 2702 1129 2741 rebus.
1150 2703 1217 2740 Est
1233 2702 1356 2750 igitur
1373 2701 1460 2748 ipse
1491 2701 1718 2740 immediate

107 2751 440 2798 suaprovidentia
459 2751 638 2789 omnium
653 2759 784 2787 rerum
804 2749 982 2787 ordinem
998 2749 1244 2797 excogitans.

156 2798 251 2836 Hinc
264 2802 326 2837 est
343 2798 450 2846 quod
470 2798 627 2843 dicitur,
650 2799 777 2842 Rom„
798 2804 885 2842 xm,
907 2800 923 2833 1
943 2796 1050 2840 :Quae
1068 2799 1188 2834 autem
1199 2798 1297 2841 sunt,
1312 2805 1336 2832 a
1352 2797 1425 2833 Deo
1437 2796 1609 2833 ordinata
1618 2801 1715 2834 sunt.

109 2844 153 2881 Et
170 2845 314 2890 tudini,
333 2848 478 2892 1x‚14:
502 2846 556 2882 Ta
573 2846 694 2889 fecisti
705 2846 847 2891 priora,
869 2846 902 2879 et
917 2843 984 2879 illa
999 2847 1082 2890 post
1110 2844 1179 2882 illa
1206 2844 1388 2891 coenasti,
1423 2847 1458 2881 et
1487 2844 1550 2881 hoc
1579 2845 1718 2888 frictum

108 2893 161 2927 est
178 2892 272 2938 quod
287 2894 366 2940 ipse
381 2893 543 2930 voluisti.
566 2892 598 2940 (I
619 2896 735 2939 part.,
750 2900 789 2940 q.
810 2898 910 2936 xxii,
930 2893 1002 2928 art.
1022 2890 1074 2938 3.)
