1894 3223
671 198 757 232 LlB.
786 199 831 240 11,
861 198 1118 249 CAP5xxxtt.
1648 198 1710 232 139

84 286 127 322 et
150 282 289 328 incipit
306 281 480 325 moveri3
511 280 572 317 vel
603 279 651 316 ab
669 279 868 321 exteriori,
892 279 993 315 sicut
1016 288 1136 325 quum
1157 278 1203 315 de
1227 287 1328 315 novo
1346 277 1510 314 veniunt
1531 278 1710 315 actiones

88 330 324 368 inducentes
342 327 391 365 ad
409 327 582 374 aliquam
613 326 809 364 actionem
831 325 878 362 de
906 334 1008 362 novo
1043 325 1323 362 inchoandam.
1350 325 1454 361 Deus
1477 328 1607 362 autem
1631 334 1711 362 non

88 379 270 414 movetur
300 383 428 422 neque
450 383 520 420 per
552 382 595 411 se
623 381 749 420 neque
776 382 845 418 per
873 372 1073 416 accidens,
1097 377 1137 408 ut
1159 372 1365 418 probatum
1387 375 1447 409 est
1468 371 1510 418 (l.
1531 381 1559 416 1,
1582 382 1615 408 c.
1639 371 1711 419 13).

89 425 194 461 Deus
211 423 333 469 igitur
352 430 509 468 semper
525 420 664 458 eodem
697 419 815 456 modo
843 419 937 466 agit.
961 421 1013 455 Ex
1034 429 1105 456 sua
1127 423 1257 456 autem
1291 418 1446 456 actione
1475 427 1539 456 res
1573 422 1713 456 creatae

89 471 130 508 in
151 478 241 508 esse
262 469 502 506 consistunt.
525 469 613 505 Sem
645 477 688 504 er
718 467 840 513 igitur
869 471 1057 503 creaturae
1081 466 1251 503 suerunt.
1616 479 1619 481 -

135 517 280 561 Adhuc,
304 514 469 553 effectus
491 522 609 560 proce
641 514 669 551 it
689 523 712 551 a
733 523 854 551 causa
873 517 1013 561 agente
1034 523 1103 560 per
1123 513 1320 550 actionem
1357 512 1456 559 ejus.
1490 513 1563 551 Sed
1606 514 1711 551 actio

89 564 158 601 Dei
179 567 242 602 est
261 566 431 607 aeterna;
453 561 552 599 alias
572 561 696 604 fieret,
719 560 766 597 de
787 561 962 606 potentia
983 564 1137 607 agente,
1160 564 1249 597 actu
1271 569 1409 606 agens,
1445 565 1482 596 et
1515 564 1715 606 oporteret

87 610 197 659 quod
217 608 526 647 reducereturin
548 612 678 646 actum
701 608 748 644 ab
771 608 905 654 aliquo
926 608 1046 653 priori
1070 611 1210 653 agente
1229 610 1332 651 actu,
1355 607 1458 653 quod
1485 612 1544 644 est
1565 607 1714 653 impos-

89 658 220 696 sibile.
243 659 344 704 Ergo
365 665 429 694 res
452 665 475 693 a
492 657 572 694 Deo
593 659 734 693 creatre
756 655 807 691 ab
831 659 978 691 aeterno
1001 656 1171 691 suerunt.

138 705 322 750 Amplius,
349 703 481 750 posita
499 712 620 740 causa
640 701 869 746 sufficienti,
899 711 1062 738 necesse
1083 707 1142 737 est
1175 700 1357 737 effectum
1393 701 1500 747 poni.
1538 701 1574 738 Si
1609 701 1715 739 enirn

92 752 235 795 adhuc,
256 751 385 797 posita
405 759 539 794 causa,
562 758 642 787 non
664 758 828 786 necesse
848 752 907 785 est
929 746 1111 784 effectum
1133 747 1242 793 poni,
1264 747 1608 793 possibile‘igitur
1627 748 1714 793 erit,

91 807 214 836 causa
234 799 377 844 posita,
400 796 582 834 effectum
603 806 691 833 esse
726 801 763 832 et
797 805 875 832 non
910 804 1024 839 esse;
1048 794 1279 831 consecutio
1313 794 1434 839 igitur
1465 792 1630 832 effectus
1664 795 1713 832 ad

93 854 255 883 causam
276 845 350 882 erit
370 845 577 890 possibilis
598 847 773 886 tantum;
796 841 900 888 quod
932 845 1060 878 autem
1097 844 1157 877 est
1183 840 1376 886 possibile
1406 841 1557 888 indiget
1581 842 1716 888 aliquo

92 901 172 940 quo
190 891 460 929 reducaturin
482 896 638 935 actum3
667 889 864 936 oportebit
897 889 1018 935 igitur
1038 897 1184 933 ponere
1218 888 1390 935 aliquam
1429 897 1518 926 esse
1553 898 1715 926 causam

93 949 171 987 qua
194 938 260 976 fiat
279 943 319 975 ut
339 937 504 976 effectus
525 938 734 975 reducatur
756 936 793 972 in
819 939 965 978 actum,
987 939 1024 971 et
1042 935 1100 971 sic
1114 935 1241 980 prima
1256 944 1379 972 causa
1398 944 1477 972 non
1500 939 1582 972 erat
1604 935 1715 972 suffi-

93 987 217 1024 ciens.
239 986 310 1023 Sed
332 987 434 1022 Deus
455 989 515 1022 est
533 993 655 1021 causa
675 982 880 1020 sufficiens
903 982 1177 1028 productionis
1196 986 1465 1019 creaturarum
1485 994 1494 1026 ;
1518 983 1618 1020 alias
1636 991 1716 1019 non

93 1037 200 1071 esset
219 1041 354 1076 causa,
373 1031 442 1069 sed
463 1031 591 1078 magis
609 1031 649 1066 in
673 1029 849 1076 potentia
868 1038 911 1065 se
940 1030 987 1065 ad
1018 1038 1180 1066 causam
1215 1029 1400 1072 haberem
1441 1029 1575 1076 aliquo
1610 1029 1716 1066 enim

94 1080 242 1124 addito,
265 1079 373 1115 fieret
394 1087 539 1122 causa;
562 1077 666 1124 quod
689 1080 794 1123 patet
827 1085 915 1113 esse
953 1076 1216 1121 impossibile.
1245 1076 1404 1112 Videtur
1436 1076 1557 1123 igitur
1579 1086 1716 1113 neces-

93 1127 243 1164 sarium
269 1125 389 1173 quod,
421 1133 543 1173 quum
578 1126 683 1161 Deus
714 1122 760 1160 ab
795 1127 941 1160 aeterno
977 1123 1106 1167 fuerit,
1142 1127 1320 1160 creatura
1353 1123 1470 1160 etiam
1511 1123 1629 1159 fuerit
1667 1123 1716 1160 ab

93 1177 255 1212 aeterno.

138 1221 239 1264 Item,
261 1228 385 1267 agens
403 1228 471 1265 per
488 1218 730 1256 voluntatem
753 1226 831 1254 non
854 1217 1025 1254 retardat
1045 1226 1161 1253 suum
1192 1216 1441 1263 propositum
1473 1218 1635 1264 exsequi
1665 1217 1713 1255 de

94 1267 228 1315 aliquo
248 1266 444 1310 faciendo,
462 1266 539 1303 nisi
561 1264 884 1311 propteraliq-uid
921 1265 961 1300 in
993 1265 1166 1301 futurum
1187 1267 1453 1310 exspectatum
1485 1266 1589 1311 quod
1616 1274 1714 1301 non—

94 1315 187 1352 dum
210 1314 334 1351 adest.
356 1315 400 1350 Et
420 1314 496 1350 hoc
514 1313 752 1360 quandoque
770 1311 888 1349 estin
907 1311 995 1357 ipso
1017 1314 1172 1357 agente,
1194 1312 1296 1348 sieut
1322 1320 1444 1358 quum
1466 1316 1716 1358 exspectatur

94 1361 281 1408 perfectio
298 1361 455 1397 virtutis
476 1360 524 1397 ad
545 1359 740 1406 agendum
763 1362 829 1395 aut
850 1358 1022 1396 sublatio
1038 1358 1206 1404 aliquus
1229 1358 1482 1403 impedientis
1503 1358 1685 1395 virtutem
1705 1370 1713 1394 :

92 1408 334 1456 quandoque
343 1416 434 1444 vero
450 1410 511 1444 est
529 1410 637 1444 extra
651 1405 954 1452 agenteni,sicut
969 1416 1090 1452 quum
1106 1410 1355 1450 exspectatur
1371 1406 1582 1451 praesentia
1597 1406 1717 1443 alicu·

90 1455 158 1502 jus
179 1464 312 1492 coram
331 1464 409 1501 quo
431 1454 533 1491 actio
555 1453 635 1497 fiat,
658 1453 717 1489 vel
739 1453 878 1490 saltem
900 1462 1018 1498 quum
1040 1457 1288 1498 exspectatur
1307 1453 1517 1497 praesentia
1545 1452 1714 1499 aliqu'us

97 1502 286 1547 temporis
307 1502 518 1547 opportuni
539 1501 644 1547 quod
670 1500 845 1536 nondum
867 1500 991 1536 adest.
1014 1500 1052 1535 Si
1083 1499 1188 1535 enim
1208 1500 1391 1535 voluntas
1422 1499 1471 1535 sit
1503 1500 1712 1545 completa,

97 1550 231 1586 statim
248 1548 424 1594 potentia
444 1548 686 1594 exsequitur,
710 1547 788 1583 nisi
811 1547 863 1583 sit
885 1546 1062 1583 desectus
1083 1546 1123 1582 in
1145 1547 1257 1591 ipsa;
1295 1546 1399 1582 sicut
1425 1547 1472 1582 ad
1504 1547 1714 1592 imperium

96 1595 313 1633 voluntatis
335 1596 467 1632 statim
489 1594 669 1641 sequitur
688 1596 820 1630 motus
838 1592 1016 1636 membri,
1032 1593 1118 1629 nisi
1141 1593 1192 1630 sit
1223 1593 1398 1629 defectus
1419 1594 1603 1638 potentiae
1632 1602 1714 1630 ino-

97 1644 185 1680 tivae
206 1642 460 1689 exsequentis
479 1645 630 1678 motum
650 1644 689 1678 et
705 1649 774 1686 per
794 1641 868 1677 hoc
886 1644 991 1686 patet
1011 1639 1130 1686 quod,
1152 1649 1274 1686 quum
1296 1639 1442 1686 aliquis
1466 1640 1547 1676 vult
1564 1640 1716 1686 aliquid

98 1690 228 1726 facere
249 1692 287 1726 et
303 1698 383 1726 non
407 1688 539 1725 statim
560 1687 641 1732 fiat,
663 1691 816 1733 oportet
836 1687 940 1733 quod
963 1687 1021 1723 vel
1044 1687 1119 1724 hoc
1148 1687 1200 1723 sit
1229 1690 1386 1732 propter
1419 1687 1615 1724 defectum
1646 1696 1716 1732 po·

96 1736 244 1781 tentiae,
269 1736 335 1783 qui
354 1739 604 1782 exspectatur
625 1733 902 1779 removendus,
926 1734 984 1769 vel
1005 1734 1099 1780 quia
1118 1735 1301 1770 voluntas
1331 1742 1410 1770 non
1441 1738 1501 1770 est
1521 1734 1718 1780 completa

96 1783 145 1820 ad
168 1783 242 1820 hoc
260 1782 498 1820 faciendum.
521 1782 616 1818 Dico
650 1784 780 1818 autem
802 1780 1134 1826 complementum
1167 1780 1385 1817 voluntatis
1418 1789 1522 1825 esse,
1557 1781 1716 1827 quando

96 1830 180 1867 vult
199 1830 273 1866 hoc
294 1829 475 1867 absolute
493 1828 620 1866 facere
641 1827 828 1866 omnibus
845 1828 1000 1872 modis3
1023 1828 1208 1865 voluntas
1229 1830 1360 1864 autem
1385 1827 1626 1874 incompleta
1642 1831 1715 1869 est,

100 1876 260 1930 quando
282 1876 429 1923 aliquis
449 1884 530 1913 non
547 1876 633 1913 vult
652 1875 780 1912 facere
800 1874 877 1912 hoc
897 1874 1092 1919 absolute,
1116 1875 1184 1911 sed
1201 1875 1392 1911 existente
1422 1874 1556 1922 aliqua
1579 1875 1717 1911 condi-

98 1928 207 1961 tione
227 1933 314 1971 quae
342 1923 520 1961 nondum
542 1923 665 1966 adest,
687 1923 748 1958 vel
774 1922 854 1959 nisi
883 1922 1084 1959 subtracto
1119 1921 1403 1968 impedimento
1443 1922 1546 1969 quod
1590 1922 1717 1959 adest.

97 1971 264 2008 Constat
281 1973 413 2008 autem
433 1970 538 2018 quod
560 1969 753 2017 quidquid
774 1971 878 2006 Deus
898 1978 1003 2005 nunc
1022 1969 1106 2006 vult
1125 1969 1232 2016 quod
1262 1969 1327 2014 sit,
1354 1968 1401 2005 ab
1423 1972 1571 2006 aeterno
1591 1969 1717 2006 voluit

100 2017 206 2065 quod
227 2017 301 2063 sit3
322 2025 404 2055 non
424 2017 531 2054 enim
551 2025 679 2054 novus
700 2019 834 2053 motus
855 2015 1071 2053 voluntatis
1093 2015 1128 2052 ei
1150 2016 1335 2053 advenire
1364 2019 1508 2062 potest,
1546 2025 1618 2052 nec
1652 2015 1720 2052 ali-

99 2065 192 2112 quis
206 2063 385 2102 defectus
402 2064 464 2101 vel
483 2063 810 2110 impedimentum
833 2063 1018 2109 potentiae
1040 2062 1125 2109 ejus
1147 2063 1288 2100 adesse
1309 2063 1451 2108 potuit,
1471 2063 1531 2100 vel
1570 2063 1722 2109 aliquid

99 2110 211 2148 aliud
232 2111 450 2157 exspectari
470 2111 598 2157 potuit
612 2111 660 2147 ad
680 2110 919 2147 universalis
935 2113 1124 2147 creaturae
1141 2110 1458 2156 productionem,
1475 2120 1597 2157 quum
1619 2109 1720 2146 nihil

100 2157 211 2196 aliud
231 2158 283 2195 sit
299 2158 514 2195 increatum
539 2157 616 2195 nisi
640 2158 724 2204 ipse
746 2157 873 2201 solus,
894 2161 937 2194 ut
965 2166 1086 2202 supra
1118 2156 1167 2204 (c.
1189 2159 1209 2194 6
1243 2160 1281 2194 et
1311 2156 1368 2204 15)
1399 2160 1606 2195 ostensum
1646 2160 1718 2194 est.

101 2204 379 2287 Necessarium
411 2204 534 2252 igitur
566 2204 722 2242 videtur
749 2203 856 2251 quod
880 2203 927 2241 ab
960 2208 1107 2241 aeterno
1137 2207 1358 2242 creaturam
1390 2203 1432 2241 in
1465 2212 1555 2242 esse
1575 2204 1720 2251 produ-

100 2260 184 2289 xeri
206 2279 215 2288 .

149 2300 338 2350 Praeterea,
357 2307 481 2346 agens
501 2308 570 2345 per
589 2298 832 2335 intellectum
853 2307 932 2335 non
954 2298 1148 2345 praeeligit
1166 2307 1291 2335 unum
1324 2298 1436 2335 alteri
1464 2298 1542 2335 nisi
1564 2302 1723 2344 propter

101 2345 439 2392 praeeminentiam
472 2345 594 2383 unius
622 2345 671 2382 ad
701 2345 881 2382 alterum.
919 2345 994 2382 Sed
1023 2345 1088 2382 uhi
1122 2345 1233 2382 nulla
1270 2348 1331 2382 est
1367 2343 1602 2390 differentia,
1642 2353 1722 2381 non

102 2395 233 2438 potest
253 2400 342 2428 esse
362 2391 673 2438 praeeminentia.
696 2392 765 2428 Ubi
788 2392 909 2438 igitur
931 2392 1040 2428 nulla
1072 2395 1132 2428 est
1150 2391 1387 2435 differentia,
1409 2400 1488 2428 non
1522 2391 1566 2427 fit
1602 2399 1721 2437 praee-

102 2439 220 2476 lectio
241 2438 361 2475 unius
382 2438 431 2475 ad
449 2439 642 2482 alterum:
671 2442 709 2475 et
727 2442 886 2485 propter
904 2438 994 2482 hoc,
1018 2439 1066 2474 ab
1090 2442 1230 2484 agente
1254 2437 1301 2475 ad
1325 2437 1556 2475 utrumlibet
1588 2446 1631 2474 se
1653 2438 1722 2474 ha-

101 2485 218 2523 bente
237 2485 441 2533 aequaliter
460 2484 572 2522 nulla
590 2485 665 2522 erit
682 2485 799 2530 actio,
820 2486 925 2522 sieut
943 2494 1015 2521 nec
1036 2495 1058 2521 a
1078 2484 1268 2528 materia;
1298 2484 1391 2521 talis
1419 2484 1522 2521 enim
1545 2484 1724 2530 potentia

99 2531 348 2570 assimilatur
359 2531 545 2578 potentiae
554 2532 830 2569 materiae.Non
845 2532 948 2569 entis
966 2535 1094 2568 autem
1109 2531 1156 2568 ad
1178 2540 1257 2568 non
1275 2539 1346 2568 ens
1361 2530 1471 2569 nulla
1483 2534 1613 2577 potest
1632 2540 1722 2568 esse

101 2578 338 2616 differentia.
363 2580 492 2616 Unum
516 2578 638 2625 igitur
658 2587 740 2615 non
755 2587 828 2616 ens
848 2587 929 2615 non
955 2582 1015 2615 est
1032 2578 1143 2626 alteri
1176 2577 1447 2624 praeeligibile.
1478 2578 1550 2616 Sed
1581 2582 1723 2624 praeter

101 2629 225 2663 totam
238 2629 507 2663 creaturarum
522 2624 819 2662 universitatem
831 2625 932 2661 nihil
949 2629 1008 2661 est
1028 2625 1104 2661 nisi
1117 2625 1316 2662 aeternitas
1332 2624 1399 2662 Dei
1415 2636 1425 2669 3
1446 2625 1488 2662 in
1510 2625 1637 2662 nihilo
1653 2635 1723 2662 au-

101 2673 181 2709 tem
190 2681 271 2710 non
286 2675 454 2719 possunt
471 2671 670 2725 assignari
680 2670 911 2708 differentiae
924 2671 1065 2717 aliquae
1073 2675 1380 2716 momentorum,
1393 2675 1435 2708 ut
1447 2672 1488 2709 in
1500 2681 1580 2709 uno
1593 2672 1722 2719 magis

38 2738 41 2739 ν
100 2723 281 2765 oporteat
297 2719 449 2767 aliquid
467 2719 553 2756 fieri
574 2727 692 2766 quam
714 2718 755 2755 in
771 2718 863 2763 alio;
879 2718 1063 2755 similiter
1077 2718 1205 2756 necin
1218 2719 1450 2764 aeternitate,
1468 2729 1555 2766 quae
1567 2723 1648 2757 tota
1664 2722 1725 2757 est
1756 2718 1768 2726 ”

102 2766 316 2804 uniformis
331 2770 369 2803 et
381 2766 628 2813 simpliciter,
644 2769 686 2803 ut
698 2768 904 2803 ostensum
920 2768 980 2802 est
996 2765 1080 2811 (1.1‚
1093 2775 1127 2802 c.
1146 2765 1608 2813 15).Relinquiturigitur
1617 2766 1724 2813 quod

101 2812 287 2850 voluntas
311 2813 381 2851 Dei
411 2822 454 2851 se
475 2813 679 2861 aequaliter
699 2812 817 2849 habet
836 2812 885 2849 ad
913 2812 1211 2858 producendum
1245 2816 1466 2850 creaturam
1497 2823 1567 2859 per
1599 2817 1723 2850 totam

101 2859 376 2897 aeternitatem.
396 2863 472 2898 Aut
489 2860 613 2908 igitur
636 2859 820 2897 voluntas
837 2868 911 2896 sua
937 2863 997 2896 est
1017 2859 1064 2896 de
1085 2859 1161 2896 hoc
1182 2859 1288 2906 quod
1317 2869 1522 2907 nunquam
1541 2865 1724 2897 creatura

101 2904 179 2942 sub
197 2907 412 2944 aeternitate
434 2906 522 2953 ejus
542 2907 820 2951 constituatur,
843 2909 911 2943 aut
929 2906 1035 2952 quod
1056 2915 1212 2953 semper
1226 2910 1394 2944 constet.
1413 2909 1499 2944 Non
1515 2911 1575 2944 est
1591 2911 1722 2944 autem

105 2951 290 2992 voluntas
308 2953 395 3000 ejus
414 2954 460 2991 de
478 2954 556 2992 hoc
576 2953 682 3002 quod
698 2962 902 3001 nunquam
920 2958 1100 2991 creatura
1119 2953 1194 2991 sub
1223 2954 1309 3001 ejus
1327 2963 1416 2992 esse
1436 2958 1584 2992 aeterno
1605 2962 1721 2991 cons-
