1894 3223
695 122 783 158 Llss.
811 123 870 165 lv,
896 123 1000 160 cai).
1024 123 1140 159 XLIV.
1656 125 1729 161 569

104 203 169 242 Sic
188 203 310 251 igitur
340 211 422 240 non
453 202 692 240 fuissetuna
728 212 893 242 numero
925 204 1143 252 generatio,
1164 208 1300 252 utpote
1332 205 1382 244 ad
1408 205 1508 244 duas
1533 215 1727 253 personas

103 249 304 294 ordinata3
331 258 403 286 nec
425 248 568 286 suisset
587 250 799 288 uniformis
832 251 1051 289 secundum
1081 255 1222 297 totum,
1244 252 1349 298 quod
1371 263 1394 289 a
1414 257 1564 292 naturae
1585 254 1727 293 ordine

102 297 258 335 videtur
277 296 465 333 alienum.
488 297 572 333 Non
595 296 716 345 igitur
741 298 815 335 suit
844 298 1087 337 conveniens
1107 299 1212 346 quod
1234 299 1401 337 Verbum
1421 301 1502 345 Dei,
1525 305 1615 348 post
1633 311 1729 342 con-

103 343 339 391 ceptionem,
370 342 585 381 humanam
626 348 808 382 naturam
844 349 1081 390 assumeret,
1103 346 1173 384 sed
1206 346 1326 385 simui
1364 347 1404 384 in
1444 348 1531 394 ipsa
1557 358 1726 399 concep·

101 391 224 429 tione.

148 438 245 475 Item
277 435 354 475 hoc
374 437 528 475 videtur
547 438 816 486 generationis
837 438 1020 477 humanae
1055 438 1152 477 ordo
1172 439 1386 486 requirere,
1408 445 1450 479 ut
1464 443 1530 489 qui
1548 444 1724 491 concipi·

101 486 167 521 tur
196 484 283 530 ipse
317 483 418 522 idem
456 488 656 529 nascatur,
677 489 714 522 et
734 493 815 522 non
835 485 972 531 alius;
999 493 1122 533 quum
1159 487 1366 533 conceptio
1402 487 1450 525 ad
1484 490 1728 530 nativitatem

103 530 318 568 ordinetur.
356 531 477 576 Unde,
517 532 552 569 si
589 532 710 570 Filius
744 532 811 569 Dei
854 536 970 570 natus
1003 537 1065 570 est
1097 533 1299 571 nativitate
1333 534 1533 578 humana,
1568 542 1724 584 oportet

102 577 227 662 {tgannti'
240 577 347 627 quod
376 578 501 617 Filius
522 578 593 617 Dei
623 579 676 617 sit
705 580 967 626 conceptione
992 579 1168 619 humana
1185 583 1415 628 conceptus,
1438 585 1477 620 et
1496 592 1578 635 non
1597 594 1725 632 purus

746 760 913 803 CAPUT
947 761 1084 804 XLIV.

166 880 267 917 QUOD
293 881 451 912 NATURA
476 880 641 912 HUMANA
668 881 870 912 ASSUMPTA
895 883 922 911 A
946 882 1074 911 VERBO
1101 883 1141 912 IN
1168 883 1254 912 IPSA
1280 884 1544 915 GONCEPTIONE
1569 887 1660 918 FUIT

445 941 658 978 PERFECTA,
686 941 871 976 QUANTL-'M
895 942 948 970 AD
974 941 1131 971 AMMAM
1153 943 1202 970 ET
1220 943 1378 973 coitPUS.

154 1048 326 1087 Ulterius
361 1053 492 1087 autem
520 1059 566 1087 ex
600 1050 674 1087 hoc
711 1050 965 1086 manifestum
999 1054 1056 1087 est
1090 1051 1209 1098 quod,
1241 1052 1282 1089 in
1315 1052 1404 1098 ipso
1449 1055 1725 1100 conceptionis

105 1095 315 1142 principio,
338 1096 470 1133 anima
487 1097 695 1133 rationalis
713 1097 868 1142 corpori
894 1098 965 1133 tuit
987 1098 1108 1134 unita.

152 1142 319 1179 Verbum
340 1143 446 1180 enim
466 1143 546 1184 Dei,
569 1143 766 1180 mediante
790 1144 921 1180 anima
939 1145 1135 1188 rationali,
1152 1154 1298 1191 corpus
1317 1147 1535 1192 assumpsit
1551 1160 1559 1191 3
1576 1157 1726 1194 corpus

105 1188 209 1226 enim
231 1188 406 1228 hominis
432 1198 513 1227 non
533 1190 662 1238 magis
682 1190 956 1236 assumptibile
977 1195 1036 1228 est
1057 1201 1080 1227 a
1098 1193 1179 1240 Deo
1204 1202 1320 1239 quam
1343 1194 1420 1230 alia
1441 1203 1620 1239 corpora,
1644 1196 1723 1233 nisi

104 1236 264 1283 propter
284 1235 456 1274 animam
486 1237 733 1275 rationalem.
763 1239 848 1274 Non
879 1238 1001 1283 igitur
1029 1238 1196 1275 Verbum
1229 1240 1295 1277 Dei
1327 1242 1546 1286 assumpsit
1580 1251 1725 1288 corpus

105 1281 257 1330 absque
277 1284 409 1321 anima
429 1284 625 1322 rationali.
650 1285 778 1329 Quum
800 1284 921 1331 igitur
947 1284 1115 1322 verbum
1138 1285 1205 1322 Dei
1226 1289 1490 1333 assumpserit
1510 1297 1655 1334 corpus
1674 1290 1723 1328 ab

104 1329 193 1376 ipso
212 1331 486 1378 conceptionis
505 1331 715 1378 principio,
739 1333 913 1378 oportuit
933 1332 1038 1378 quod
1058 1333 1099 1369 in
1119 1332 1208 1379 ipso
1228 1335 1502 1380 conceptionis
1528 1336 1723 1383 principio

107 1377 241 1415 anima
260 1378 468 1416 rationalis
493 1380 650 1424 corpori
671 1379 861 1416 uniretur.

150 1425 251 1465 Item,
273 1425 404 1471 posito
425 1434 472 1463 eo
497 1426 604 1473 quod
631 1429 692 1464 est
722 1426 922 1472 posterius
951 1426 991 1463 in
1021 1428 1290 1473 generatione,
1326 1438 1489 1466 necesse
1519 1432 1581 1468 est
1615 1434 1652 1466 et
1684 1430 1722 1468 id

107 1471 212 1518 quod
232 1472 343 1518 prius
360 1476 420 1510 est
439 1473 659 1510 secundum
681 1473 950 1520 generationis
974 1474 1153 1511 ordinem
1181 1476 1289 1520 poni.
1313 1477 1516 1514 Posterius
1537 1477 1723 1515 autemin

107 1519 363 1565 generatione
383 1520 499 1557 estid
521 1521 625 1567 quod
652 1523 714 1557 est
744 1520 1103 1566 perfectissimum3
1133 1522 1465 1567 perfectissimum
1499 1528 1630 1561 autem
1663 1528 1724 1563 est

108 1566 239 1611 ipsum
262 1566 508 1604 individuum
527 1571 772 1613 generatum,
794 1567 899 1613 quod
919 1568 959 1603 in
990 1569 1246 1615 generatione
1264 1569 1438 1607 humana
1458 1574 1518 1608 cst
1537 1570 1723 1617 hyposta-

108 1613 166 1649 sis
182 1612 244 1649 vel
264 1622 448 1659 persona.
467 1614 514 1652 ad
534 1614 648 1658 cujus
668 1615 995 1651 constitutionem
1018 1616 1254 1653 ordinantur
1273 1620 1310 1654 et
1339 1617 1472 1654 anima
1506 1621 1547 1655 ct·
1563 1627 1722 1663 corpus.

108 1659 377 1708 Positaigitur
394 1661 677 1708 personalitate
690 1660 866 1699 hominis
880 1663 1070 1708 generati,
1093 1671 1257 1701 necesse
1289 1665 1523 1710 estquidcm
1555 1665 1725 1704 existere

109 1710 148 1744 et
164 1715 310 1753 corpus
330 1711 367 1744 et
388 1709 559 1746 animam
581 1709 826 1746 rationalem.
850 1710 1118 1746 Personalitas
1138 1714 1268 1747 autem
1290 1711 1464 1748 hominis
1485 1711 1628 1749 Christi
1643 1721 1725 1750 non

109 1757 170 1792 est
189 1754 267 1792 alia
287 1763 405 1802 quam
435 1756 699 1802 personalitas
717 1756 830 1792 Verbi
863 1756 955 1801 Dei3
987 1756 1150 1794 Verbum
1187 1761 1317 1794 autem
1350 1758 1416 1795 Diei
1439 1759 1480 1795 in
1512 1758 1601 1804 ipsa
1630 1768 1724 1796 con·

108 1802 289 1847 ceptione
313 1802 437 1840 univit
454 1802 530 1840 sibi
551 1811 697 1849 corpus
721 1803 953 1840 humanum.
975 1804 1061 1840 Fuit
1079 1804 1199 1851 igitur
1226 1805 1281 1842 ihi
1314 1805 1580 1851 personalitas
1612 1806 1722 1844 illius

107 1847 309 1893 hominis;
330 1858 426 1897 ergo
445 1850 620 1896 oportuit
640 1850 744 1898 quod
767 1854 803 1887 et
824 1850 955 1887 anima
971 1851 1176 1888 rationalis
1196 1851 1367 1890 adesset.
1630 1877 1632 1879 -

154 1896 444 1934 Inconveniens
460 1897 577 1934 etiam
594 1897 735 1935 fuisset
756 1900 798 1934 ut
815 1897 997 1942 Verbum,
1020 1898 1126 1944 quod
1143 1901 1204 1936 est
1222 1899 1313 1937 fons
1346 1902 1384 1936 et
1410 1899 1524 1947 origo
1542 1900 1721 1937 omnium

107 1942 397 1990 perfectionum
418 1947 456 1982 et
481 1944 711 1985 formarum,
733 1944 852 1981 alicui
878 1944 934 1981 rei
968 1945 1129 1982 intormi
1162 1948 1200 1983 et
1234 1945 1412 1984 nondum
1443 1947 1723 1993 perfectionem

109 1992 258 2028 naturae
279 1991 438 2028 habenti
457 1991 650 2033 uniretur.
678 1991 875 2038 Quidquid
898 1996 1028 2029 autem
1063 1992 1108 2029 sit
1135 2001 1384 2040 corporeum,
1407 1997 1496 2031 ante
1517 1994 1726 2032 animatio-

110 2045 214 2082 nem,
235 2041 297 2075 est
313 2038 482 2075 informe
502 2037 730 2076 etnondum
753 2039 1032 2084 perfectionem
1050 2043 1200 2077 naturae
1221 2040 1386 2078 habens.
1409 2042 1496 2078 Non
1518 2041 1640 2087 igitur
1654 2042 1727 2079 suit

109 2085 353 2122 conveniens
373 2088 414 2122 ut
434 2086 602 2122 Verbum
622 2087 689 2122 Dei
712 2086 889 2122 uniretur
907 2087 1063 2132 corpori
1097 2087 1275 2125 nondum
1307 2088 1508 2133 animat03
1532 2092 1571 2124 et
1608 2088 1681 2133 sic,
1704 2098 1727 2127 a

109 2131 304 2177 principio
331 2132 618 2178 conceptionis,
642 2132 813 2178 oportuit
832 2133 1005 2171 animam
1026 2134 1134 2171 illam
1157 2135 1314 2180 corpori
1335 2135 1452 2173 uniri.

108 2197 112 2201 ·
157 2179 211 2215 Ex
231 2178 307 2216 hoc
326 2179 443 2215 etiam
465 2183 626 2225 apparet
643 2179 749 2226 quod
770 2188 914 2224 corpus
940 2180 1034 2217 illud
1070 2185 1319 2227 assumptum
1351 2191 1374 2219 a
1404 2181 1600 2228 principio
1634 2191 1721 2219 con>

110 2226 305 2271 ceptionis
326 2225 400 2263 suit
418 2226 643 2270 formatum,
659 2227 752 2273 quia
767 2226 865 2262 nihil
886 2227 1055 2263 informe
1070 2228 1137 2264 Dei
1159 2228 1327 2265 Verbum
1348 2237 1553 2266 assumere
1575 2228 1710 2266 debuit

110 2271 236 2310 Simul
257 2276 387 2310 aut-em
409 2273 541 2310 anima
558 2273 723 2320 requirit
750 2273 947 2319 propriam
971 2275 1188 2318 materiam,
1221 2274 1327 2313 sicut
1360 2278 1398 2312 et
1432 2275 1616 2323 quaelibet
1648 2276 1726 2313 alia

110 2319 239 2357 forma
257 2320 463 2358 naturalis.
486 2321 553 2357 Est
570 2323 699 2357 autem
723 2321 879 2366 propria
897 2322 1062 2357 materia
1082 2322 1223 2359 animae
1251 2331 1395 2368 corpus
1429 2322 1723 2370 organizatum3

110 2370 172 2404 est
193 2367 298 2404 enim
319 2367 451 2405 anima
471 2367 692 2405 entelechia
708 2368 887 2412 corporis
906 2368 1084 2414 organici
1115 2369 1283 2415 physici,
1305 2370 1482 2415 potentia
1513 2369 1633 2406 vitam
1663 2370 1728 2407 ha-

109 2412 255 2451 bentis.
277 2414 316 2451 Si
335 2414 458 2461 igitur
486 2413 632 2458 anima,
666 2423 690 2452 a
716 2414 911 2461 principio
943 2416 1232 2461 conceptionis,
1267 2417 1422 2462 corpori
1458 2416 1512 2454 sit
1534 2417 1657 2461 unita,
1685 2420 1724 2454 ut

110 2463 317 2498 ostensum
339 2464 412 2504 est,
432 2461 703 2498 necessarium
723 2461 797 2498 fuit
815 2465 856 2498 ut
883 2471 1028 2507 corpus
1060 2472 1083 2499 a
1102 2462 1298 2509 principio
1318 2463 1593 2509 conceptionis
1614 2472 1723 2510 orga-

111 2507 284 2544 nizatum
305 2510 342 2544 et
362 2507 572 2545 formatum
594 2511 712 2545 esset.
735 2509 779 2544 Et
798 2508 915 2545 etiam
937 2509 1179 2556 organizatio
1212 2511 1405 2556 corporis,
1437 2510 1576 2547 ordine
1605 2519 1725 2557 gene-

112 2554 294 2599 rationis,
313 2554 500 2600 praecedit
516 2554 659 2592 animae
679 2555 886 2592 rationalis
913 2555 1268 2602 introductionem;
1302 2557 1420 2602 unde,
1442 2557 1573 2603 posito
1594 2561 1728 2603 postem

110 2601 221 2646 riori,
240 2609 405 2639 necesse
427 2601 501 2638 fuit
519 2610 667 2647 ponere
687 2605 725 2639 et
744 2602 868 2648 prius.
890 2603 1140 2640 crementum
1172 2608 1303 2641 autern
1330 2604 1562 2651 quantitatis
1600 2613 1723 2652 usque

110 2647 158 2685 ad
179 2647 352 2686 debitam
383 2656 612 2686 mensuram
642 2648 742 2685 nihil
772 2649 955 2694 prohihet
985 2650 1099 2696 sequi
1129 2651 1309 2696 corporis
1342 2650 1640 2689 animationem.
1664 2651 1728 2691 Sic

110 2695 232 2742 igitur
248 2695 354 2732 circa
373 2695 673 2742 conceptionem
690 2696 865 2732 hominis
880 2696 1071 2742 assumpti
1092 2697 1344 2734 sentiendum
1362 2701 1422 2735 est
1442 2698 1561 2746 quod,
1581 2698 1727 2745 inipso

110 2742 383 2788 conceptionis
402 2742 612 2788 principio,
635 2742 709 2779 fuit
726 2752 871 2788 corpus
904 2744 1174 2789 organizatum
1195 2747 1234 2781 et
1253 2745 1487 2791 formatum,
1525 2745 1594 2784 sed
1629 2755 1728 2785 non*

110 2788 204 2826 dum
225 2789 378 2826 habens
398 2789 570 2828 debitam
587 2789 862 2836 quantitatem.
