1894 3223
714 134 801 168 Ltss.
830 134 857 175 1,
888 133 988 169 CAP.
1017 133 1176 168 xxxvtt.
1718 132 1758 166 41

136 217 270 254 tiones
291 216 446 253 diversa
479 215 642 251 nomina
674 213 901 249 intellectus
938 213 1154 255 adinvenit,
1189 221 1276 258 quae
1310 213 1390 247 Deo
1423 211 1614 251 attribuit,
1640 211 1763 255 etita,

135 273 260 311 quum
282 271 363 300 non
385 261 603 300 secundum
627 260 803 297 eamdem
826 260 1017 296 rationem
1039 259 1315 302 attribuantur,
1333 261 1491 295 constat
1510 268 1553 294 ea
1578 267 1654 294 non
1677 266 1766 294 csse

136 319 375 358 synonyma,
398 309 579 356 quamvis
602 317 682 344 rem
704 307 870 343 omnino
903 316 1019 342 unain
1054 307 1295 349 signiticent.
1316 307 1400 341 Non
1422 305 1527 341 enim
1550 309 1608 341 est
1630 305 1766 340 eadem

137 357 314 394 nominis
337 355 593 402 significatio,
623 364 742 401 (inum
779 363 923 389 nomen
958 364 1024 398 per
1057 354 1166 399 prius
1197 352 1497 398 conceptionem
1528 352 1768 395 intellectus,

137 413 254 451 quam
277 413 359 439 rem
383 403 619 439 intellectam
644 400 856 448 significet.
885 400 912 446 (l
938 403 1053 445 part„
1076 410 1112 446 q.
1135 409 1221 445 xnr,
1244 403 1315 436 art.
1336 399 1387 445 4.)

765 536 932 577 CAPUT
961 536 1137 576 XXXVI.

285 646 477 680 QUALITER
502 643 758 673 tNTELLEcrus
785 645 932 673 xosrfin
959 645 1009 672 DE
1034 644 1108 673 nizo
1135 643 1434 672 Pnorosmoxsss
1459 643 1625 671 remim.

192 739 244 774 Ex
265 737 340 773 hoc
375 739 493 773 etiam
527 736 694 773 ulterius
731 739 849 782 patet,
886 736 989 782 quod
1026 735 1250 771 intellectus
1273 738 1408 770 noster
1429 734 1475 770 de
1498 736 1576 771 Deo
1598 733 1770 779 simplici

145 793 226 822 non
250 785 289 820 in
310 792 454 820 vanum
485 783 789 820 enunciationes
824 784 963 819 format
996 781 1273 827 componendo
1293 785 1330 816 et
1346 781 1572 825 dividendo,
1591 782 1771 826 quamvis

147 833 251 868 Deus
271 831 435 867 omnino
456 831 507 867 sit
531 830 711 875 simplex.
737 831 923 873 Quamvis
945 838 1114 874 namque
1136 828 1359 863 intellectus
1380 832 1514 864 noster
1535 829 1572 863 in
1595 828 1661 863 Dei
1683 837 1773 875 cog-

147 879 339 915 nitionem
372 888 440 923 pei·
475 878 652 913 diversas
689 877 972 922 conceptiones
1005 875 1198 913 deveniat,
1228 878 1270 911 ut
1300 874 1445 910 dictum
1479 878 1551 918 est,
1586 875 1773 920 intelligit

146 930 277 962 tamen
312 926 350 961 id
382 925 484 971 quod
522 925 708 960 omnibus
745 933 802 959 cis
837 922 1048 968 respondet
1080 922 1244 957 omnino
1276 931 1397 957 unum
1433 931 1535 957 esse.
1559 923 1643 957 Non
1667 922 1770 957 enim

146 973 373 1009 intellectus
407 971 568 1008 modum
605 979 683 1016 qno
715 970 903 1015 intelligit
937 970 1056 1005 rebus
1091 969 1269 1005 attribuit
1301 969 1527 1012 intellectis,
1562 969 1663 1004 sicut
1700 977 1772 1005 nec

147 1019 266 1065 lapidi
302 1018 690 1060 immaterialitatem,
715 1017 895 1063 quamvis
914 1026 1002 1052 cum
1027 1016 1340 1051 immaterialiter
1372 1019 1602 1060 cognoscat,
1625 1019 1662 1051 et
1681 1015 1772 1051 ideo

147 1067 204 1103 rei
229 1066 419 1102 unitatem
447 1064 631 1109 proponit
664 1073 732 1109 per
764 1064 1097 1109 compositionem
1128 1063 1325 1098 verbalem
1348 1072 1434 1108 quae
1462 1067 1519 1099 est
1554 1062 1772 1098 identitatis

147 1116 256 1156 nota,
280 1120 401 1158 quum
419 1112 539 1147 dicit:
565 1112 668 1147 Deus
691 1114 749 1147 est
769 1110 912 1150 bonus,
934 1111 994 1146 vel
1019 1110 1176 1146 bonitas
1197 1110 1276 1145 :ita
1295 1109 1414 1155 quod,
1435 1109 1467 1145 si
1484 1119 1561 1155 qna
1577 1113 1636 1145 est
1651 1109 1774 1145 diver-

148 1160 248 1196 sitas
270 1159 309 1194 in
332 1158 636 1204 compositione,
662 1157 709 1194 ad
728 1158 970 1193 intellectum
991 1158 1183 1193 referatur
1202 1168 1210 1200 ;
1230 1156 1361 1192 unitas
1382 1165 1474 1192 vero
1496 1156 1542 1192 ad
1566 1165 1645 1192 rem
1663 1156 1774 1192 intel-

148 1206 306 1243 lectam.
330 1207 373 1241 Et
391 1214 437 1241 ex
459 1205 531 1241 bac
561 1204 714 1241 ratione
741 1205 979 1251 quandoque
1006 1204 1233 1240 intellectus
1267 1206 1402 1239 noster
1431 1202 1773 1239 denuntiationem

147 1253 194 1290 de
215 1255 294 1289 Deo
316 1253 460 1289 format
481 1261 571 1288 cum
591 1252 725 1298 aliqua
743 1251 984 1289 diversitatis
999 1255 1106 1294 nota,
1125 1250 1447 1297 praepositionem
1467 1249 1771 1295 interponendo,

145 1303 188 1337 ut
209 1309 300 1337 cum
322 1299 489 1336 dicitur:
517 1299 679 1335 Bonitas
701 1302 761 1335 est
785 1299 824 1335 in
847 1301 951 1335 Deo:
974 1299 1067 1345 quia
1084 1299 1124 1334 in
1147 1298 1222 1334 boc
1243 1297 1475 1342 designatur
1493 1297 1624 1343 aliqua
1647 1297 1772 1332 diver>-

146 1347 244 1384 sitas
267 1355 354 1394 quae
374 1346 564 1392 competit
594 1345 827 1389 intellectui,
860 1349 895 1383 et
934 1346 1066 1392 aliqua
1103 1345 1237 1382 unitas
1264 1354 1382 1392 quam
1420 1347 1574 1391 oportet
1609 1343 1658 1381 ad
1690 1352 1771 1380 rem

146 1394 307 1431 referre.
327 1393 356 1441 (Ι
377 1396 492 1440 part„
515 1402 554 1440 q.
573 1400 660 1437 xm,
681 1395 754 1429 art.
783 1392 855 1440 12.)

758 1493 926 1535 CAPUT
964 1492 1159 1533 XXXVII.

717 1600 817 1634 QUOD
842 1600 941 1629 DEUS
967 1599 1037 1629 EST
1063 1599 1187 1629 BONUS

197 1707 252 1744 Ex
274 1705 516 1752 perfectione
537 1707 667 1743 autem
690 1704 837 1749 divina,
859 1713 977 1751 quam
992 1704 1255 1749 ostendimus,
1269 1704 1427 1742 bonitas
1443 1705 1570 1751 ipsius
1586 1705 1770 1744 concludi

149 1757 294 1801 potest.
328 1752 369 1789 ld
390 1753 494 1789 enim
529 1761 609 1799 quo
642 1751 953 1798 unumquodque
983 1751 1132 1788 bonum
1167 1752 1323 1796 dicitur,
1355 1757 1414 1790 est
1446 1754 1604 1799 propria
1646 1754 1771 1801 virtus

152 1800 253 1847 ejus,
278 1801 375 1836 Nam
395 1799 522 1835 virtus
542 1802 603 1836 est
623 1798 941 1845 uniuscujusque
959 1808 1046 1845 quae
1067 1799 1215 1835 bonum
1238 1799 1330 1836 facit
1360 1800 1583 1844 habentem,
1606 1804 1644 1836 et
1669 1810 1771 1847 opus

153 1847 242 1894 ejus
263 1846 412 1883 bonum
433 1845 575 1882 reddit.
595 1845 726 1882 Virtus
748 1849 878 1882 autem
906 1849 967 1882 est
986 1846 1175 1891 perfectio
1191 1846 1384 1892 quaedam.
1407 1848 1629 1883 'l'uncenim
1648 1856 1771 1884 unum

151 1893 358 1941 quodlibet
380 1892 600 1939 perfectum
622 1892 793 1929 dicimus
815 1892 975 1939 quando
997 1892 1155 1939 attingit
1174 1894 1374 1939 propriam
1395 1894 1591 1938 virtutem,
1612 1898 1772 1940 utpatet

150 1940 193 1978 in
209 1940 379 1986 septimo
393 1940 540 1984 Physic.
558 1939 665 1986 (text.
686 1948 830 1976 comm.
846 1940 916 1986 18).
934 1941 985 1975 Ex
1002 1939 1076 1976 hoc
1088 1940 1209 1986 igitur
1223 1941 1535 1988 unumquodque
1550 1942 1699 1978 bouum
1713 1944 1774 1978 est

151 1987 257 2035 quod
279 1986 497 2039 perfectum
518 1990 578 2023 est
600 1998 608 2022 ε
632 1989 670 2022 et
690 1986 781 2023 inde
802 1990 863 2023 est
883 1986 988 2033 quod
1010 1987 1240 2034 unumquod
1274 1997 1321 2024 ue
1343 1997 1457 2025 suam
1486 1988 1770 2034 perfectionem

151 2035 312 2081 appetit,
348 2037 453 2070 sicut
485 2033 688 2079 proprium
724 2033 887 2070 bonum.
923 2034 1137 2071 ostensum
1167 2038 1228 2071 est
1272 2043 1356 2081 cap.
1385 2035 1448 2082 27)
1482 2038 1613 2072 autem
1648 2037 1770 2072 Deum

151 2090 241 2119 esse
262 2080 493 2127 perfectum.
516 2082 583 2117 Est
600 2080 722 2127 igitur
741 2081 886 2117 bonus.

197 2129 299 2180 Item,
321 2131 528 2164 ostensum
549 2131 609 2164 est
630 2127 729 2174 (cap.
751 2127 810 2174 31)
832 2136 954 2173 supra
982 2136 1072 2165 esse
1109 2128 1271 2175 aliquod
1302 2128 1472 2175 primum
1506 2138 1671 2167 movens
1702 2129 1709 2136 ’
1757 2148 1772 2156 -

151 2175 314 2219 mobile,
342 2174 448 2222 quod
484 2176 588 2211 Deus
615 2178 688 2211 est.
720 2175 848 2211 Movet
877 2178 1009 2211 autem
1041 2175 1145 2212 sicut
1179 2185 1344 2213 movens
1365 2176 1530 2214 omnino
1566 2177 1688 2214 immo
1720 2177 1773 2213 ie

151 2221 257 2269 quod
277 2225 422 2266 movet,
446 2220 550 2258 sicut
570 2221 851 2259 desideratum.

194 2268 442 2314 Deusigitur‚
453 2277 574 2315 quum
591 2269 642 2305 sit
653 2269 822 2313 primum
833 2277 997 2306 movens
1009 2268 1226 2315 immobile,
1237 2272 1298 2307 est
1308 2269 1478 2318 primum
1491 2270 1771 2308 desideratum.

151 2315 406 2352 Desideratur
426 2319 556 2352 autem
579 2315 789 2361 dupliciter
807 2315 975 2362 aliquid,
997 2320 1064 2352 aut
1083 2317 1176 2362 quia
1196 2321 1256 2353 est
1275 2317 1439 2361 bonum,
1461 2323 1528 2354 aut
1547 2318 1641 2364 quia
1658 2327 1773 2363 appa-

153 2365 213 2400 ret
233 2362 397 2407 honum,
415 2371 583 2409 quorum
605 2362 775 2408 primum
797 2367 858 2399 est
879 2363 985 2409 quod
1006 2366 1066 2400 est
1085 2363 1248 2401 bonum.
1270 2365 1366 2400 Nam
1402 2373 1596 2410 apparens
1621 2365 1772 2401 bonum

155 2416 250 2460 non·
277 2413 408 2445 movet
437 2418 506 2455 per
535 2409 726 2455 seipsum,
763 2409 834 2447 sed
861 2409 1080 2447 secundum
1113 2410 1218 2456 quod
1250 2411 1367 2447 habet
1400 2412 1573 2457 aliquam
1597 2411 1771 2456 speciem

155 2454 253 2492 bom
275 2467 284 2491 :
306 2455 455 2492 bonum
471 2465 565 2493 vero
585 2460 715 2493 movet
733 2465 803 2502 per
823 2457 1015 2502 seipsum.
1033 2456 1207 2493 Primum
1222 2457 1344 2503 igitur
1365 2457 1646 2502 desideratum,
1665 2457 1772 2504 quod

152 2502 258 2539 Deus
283 2505 355 2542 est,
378 2505 438 2539 est
455 2511 545 2538 vere
567 2502 730 2539 bonum.

199 2549 347 2592 Adhuc,
367 2548 518 2585 bonum
539 2553 599 2585 est
619 2550 724 2596 quod
746 2549 885 2587 omnia
906 2549 1107 2596 appetunt,
1129 2552 1172 2586 ut
1185 2550 1443 2596 Philisophus
1458 2549 1604 2597 optime
1623 2551 1772 2589 dictum

152 2594 370 2634 introducit
383 2596 511 2641 primo
530 2596 649 2632 Ethic.
672 2598 772 2642 (cap.
784 2597 831 2643 1).
846 2598 987 2634 Omnia
999 2601 1129 2633 autem
1142 2600 1330 2642 appetunt
1344 2606 1433 2635 esse
1447 2603 1536 2635 actu
1551 2599 1771 2636 secundum

154 2650 272 2680 suum
292 2642 470 2688 modum,
492 2642 597 2689 quod
616 2647 721 2688 patet
740 2653 786 2680 ex
808 2644 883 2680 hoc
898 2644 1002 2690 quod
1022 2644 1334 2691 unumquodque
1348 2645 1567 2682 secundum
1589 2649 1771 2683 naturam

154 2697 268 2727 suam
288 2692 483 2736 repugnat
499 2689 758 2735 corruptioni.
782 2692 876 2727 Esse
894 2691 1016 2736 igitur
1038 2694 1141 2735 actu,
1175 2690 1270 2727 boni
1303 2692 1497 2729 rationem
1532 2693 1739 2730 constitui-t
1760 2704 1770 2729 :

153 2737 260 2774 unde
280 2739 317 2773 et
332 2746 402 2782 per
421 2736 682 2782 privationem
704 2740 830 2781 actus,
851 2746 874 2773 a
894 2737 1069 2782 potentia
1088 2738 1347 2784 consequitur
1373 2739 1536 2784 malum,
1571 2740 1678 2786 quod
1711 2742 1773 2777 est

152 2782 248 2820 honi
271 2784 513 2829 oppositum,
535 2786 576 2820 ut
597 2792 666 2829 per
687 2783 973 2829 Philosophum
993 2784 1152 2830 patetin
1168 2793 1275 2822 nono
1288 2786 1444 2832 Metapa
1465 2786 1564 2833 (cap.
1578 2786 1652 2833 22).
1667 2788 1771 2824 Deus

154 2833 285 2883 autem
305 2833 367 2867 est
387 2839 458 2867 ens
478 2834 568 2867 actu
589 2838 670 2868 non
692 2830 732 2867 in
747 2830 938 2877 potentia,
959 2834 1001 2868 ut
1021 2840 1143 2878 supra
1165 2835 1372 2870 ostensum
1393 2836 1453 2870 est
1479 2832 1579 2880 (cap.
1612 2833 1683 2881 18).
1707 2835 1773 2871 Est

152 2878 276 2924 igltur
291 2885 383 2915 vere
400 2877 547 2917 bonus.
