1894 3223
746 173 872 214 ORDO
899 172 1070 213 RERUM.
1650 173 1711 206 651

143 272 224 304 Car.
245 275 438 304 Lxxxv1.—-
453 268 538 307 Quod
558 267 733 309 corporales
751 266 876 298 effectus

103 320 134 352 in
154 319 222 352 istis
241 317 437 352 interioribus
452 324 512 350 non
533 317 701 357 sequuntur
717 321 753 347 ex
774 321 879 346 neces-

103 368 194 400 sitate
211 376 228 400 a
244 366 423 408 corporibus
442 365 631 399 caelestibus.
818 362 877 393 374

145 416 224 448 Cae.
250 420 406 446 cxxxvii.
436 430 474 436 —
503 411 588 450 Quod
608 412 708 442 motus
743 406 879 441 coelestis

103 461 243 504 corporis
262 470 322 493 nou
342 463 414 492 suut
431 469 530 493 causae
555 458 739 492 electionum
757 457 877 487 nostra-

103 519 170 543 rum
196 518 233 542 ex
252 509 365 540 virtute
387 508 494 539 animm
518 505 681 542 moventis,
703 505 737 535 ut
756 500 877 543 quidam

105 556 221 589 dicunt.
821 549 881 581 3Ἱῦ

147 604 227 636 CAP.
252 611 426 637 Lxxxviu.
448 621 487 627 —
506 602 594 641 Quod
613 597 792 633 substantia:
815 603 881 647 cre-

106 653 162 684 atae
181 659 242 684 non
260 653 391 692 possunt
420 658 488 683 esse
511 656 601 682 causa
620 647 734 680 directe
755 644 880 676 electio-

106 706 176 729 num
197 700 229 731 et
247 697 441 730 voluntatum
460 698 643 729 nostrarum.
824 691 881 722 377

148 745 228 777 CAP.
249 752 390 778 cxxxix.
417 763 454 768 —
482 744 567 782 Quod
588 744 690 775 motus
719 737 884 771 voluntatis

107 795 250 826 causatur
269 801 285 825 a
313 793 387 831 Deo,
407 794 439 825 et
458 799 518 823 non
539 791 637 823 solum
667 786 803 829 potentia
828 792 882 816 vo-

110 840 246 872 luntatis.
824 832 884 864 378

149 885 228 919 CAP.
251 894 304 918 xc.
324 905 362 910 -
378 886 462 924 Quod
480 885 646 918 electiones
665 885 695 915 et
714 880 886 913 voluntates

110 933 248 966 humanm
268 933 433 967 subdantur
454 933 562 965 divina]
583 928 793 973 providentiis.
827 925 886 958 379

151 980 230 1013 Car.
258 988 326 1013 xcr.
360 999 397 1004 —
425 980 582 1018 Quomodo
613 986 661 1010 ies
691 976 828 1008 humanm
852 971 889 1004 ad

111 1027 285 1069 superiores
303 1035 411 1061 causas
421 1027 612 1060 reducantur.
828 1021 886 1053 380

151 1074 232 1107 CAP.
266 1081 350 1107 xc11.
383 1092 421 1097 —
447 1072 605 1112 Quomodo
634 1070 744 1103 dicitur
777 1068 888 1110 aliquis

113 1122 189 1154 liene
205 1121 391 1160 fortunatus,
412 1124 443 1154 et
453 1117 609 1162 'quomodo
623 1118 783 1159 adjuvatur
795 1118 887 1149 homo

113 1177 130 1201 a
149 1169 362 1210 superioribus
382 1169 495 1202 causis.
827 1166 884 1200 381

154 1216 236 1250 Cap,
263 1223 359 1250 xc111.
387 1234 426 1242 —-
454 1216 496 1248 De
519 1215 595 1254 fato,
623 1224 661 1248 an
687 1216 739 1253 sit,
757 1216 787 1247 et
815 1214 886 1254 quid

114 1263 167 1296 sit.
826 1262 887 1295 385

153 1310 236 1343 CAP.
257 1317 350 1345 xciv.
370 1327 408 1334 -
428 1311 470 1344 De
488 1309 670 1344 certitudine
684 1308 795 1342 divinas
814 1315 889 1350 pro·

116 1356 268 1391 videntiae.
828 1356 888 1389 385

156 1403 236 1438 Cap.
265 1411 342 1437 xcv.
377 1423 415 1428 —
445 1404 532 1442 Quod
558 1404 756 1437 immobilitas
778 1403 889 1437 divinae

117 1451 317 1492 providentiae
342 1451 507 1485 utilitatem
534 1451 681 1485 orationis
708 1458 769 1485 non
789 1449 890 1484 exclu-

117 1498 172 1530 dit.
719 1497 724 1501 ”
831 1499 890 1532 389

157 1545 241 1580 car.
261 1552 355 1580 xcvi.
378 1563 415 1569 -—
432 1545 518 1583 Quod
530 1546 608 1579 Deus
624 1554 684 1580 non
705 1554 812 1580 omnes
825 1554 890 1578 ora-

120 1593 220 1626 tiones
238 1594 372 1626 exaudit.
461 1604 467 1610 ·
831 1594 891 1626 389

159 1640 242 1673 CAP.
265 1647 373 1674 xcvu.
395 1659 434 1664 —
457 1641 615 1679 Quomodo
635 1641 797 1683 dispositio
818 1650 890 1683 pro·

122 1688 262 1721 videntiae
281 1688 392 1721 habeat
410 1689 572 1721 rationem.
724 1712 735 1721 .
832 1690 892 1721 392

160 1735 239 1768 CAP.
261 1743 383 1770 xcvru.
405 1754 443 1760 -
462 1736 620 1774 Quomodo
640 1737 719 1769 Deus
739 1737 837 1776 possit
850 1735 893 1769 sa-

120 1790 189 1815 cere
218 1785 328 1824 praeter
355 1783 491 1816 ordinem
517 1792 580 1816 sua}
609 1782 828 1824 providentiae,
862 1786 893 1816 et

121 1829 274 1872 quomodo
293 1838 365 1863 nou.
833 1830 892 1863 395

161 1877 242 1910 CAP.
261 1884 356 1910 xcix.
378 1895 417 1902 --
439 1877 526 1915 Quod
546 1878 626 1911 Deus
652 1879 756 1919 potest
773 1877 893 1919 operari

120 1926 230 1966 praeter
256 1924 392 1958 ordinem
419 1923 511 1957 rebus
538 1923 668 1957 inditum
695 1923 892 1967 producendo

121 1970 248 2004 effectus
267 1971 382 2012 absque
401 1971 501 2004 causis
520 1971 679 2012 proximis.
835 1972 894 2004 396

163 2018 243 2051 Car».
271 2025 302 2051 c.
329 2017 414 2056 Quod
440 2026 477 2051 ea
497 2026 564 2061 quae
581 2018 670 2059 {Deus
693 2018 766 2051 facit
785 2021 896 2060 praeter

123 2068 237 2099 naturoe
262 2064 412 2104 ordinem,
444 2073 504 2097 non
548 2067 620 2097 sunt
657 2067 762 2098 contra
802 2068 894 2098 natu·

124 2121 198 2145 ram.
599 2145 602 2148 ,
835 2114 896 2146 398

163 2159 242 2192 Cae.
264 2166 310 2191 c1.
332 2175 370 2182 ——
389 2158 431 2190 De
451 2159 619 2192 miraculis.
835 2160 896 2193 399

164 2207 245 2240 ΟΔΡ.
267 2213 325 2238 c11.
345 2223 383 2229 —
401 2205 486 2242 Quod
507 2206 591 2238 solus
611 2206 689 2239 Deus
710 2207 785 2239 facit
802 2206 896 2239 mira-

124 2253 204 2286 cula.
836 2253 896 2286 399

165 2300 246 2334 CAP.
267 2307 344 2334 cur.
365 2317 403 2322 —
423 2298 582 2337 Quomodo
603 2298 782 2332 substantiae
801 2299 895 2340 spiri·

124 2348 223 2382 tuales
239 2347 343 2389 aliqua
361 2346 506 2379 miracula
525 2347 689 2386 operantur
709 2353 775 2386 quae
795 2348 898 2380 tamen

124 2403 186 2428 non
204 2395 276 2427 sunt
297 2402 368 2428 vere
387 2392 543 2426 miracula.
837 2395 896 2427 401

166 2443 247 2475 CAP.
276 2448 345 2474 civ.
372 2458 411 2464 —
432 2439 517 2478 Quod
545 2448 637 2481 opera
660 2448 818 2481 magorum
837 2449 898 2474 non

126 2493 197 2525 sunt
224 2489 323 2524 solum
342 2497 381 2522 ex
405 2488 607 2530 impressione
636 2487 806 2521 coelestium
834 2497 899 2522 cor·

126 2545 246 2580 porum.
838 2538 897 2570 403

167 2585 248 2617 CAP.
268 2591 323 2616 cv.
345 2600 383 2606 —
407 2582 492 2615 Unde
517 2590 675 2623 magorum
703 2583 899 2624 operationes

127 2631 297 2665 efficaciam
316 2630 459 2663 habeant.
839 2633 897 2664 405

167 2679 245 2712 CAP.
287 2685 357 2711 cvr.
391 2695 429 2701 —-
457 2677 545 2715 Quod
570 2677 738 2710 substantia
763 2677 899 2711 intellec·

128 2727 218 2759 tualis
237 2734 303 2768 quse
330 2727 455 2767 praestat
481 2724 653 2758 efficaciam
675 2725 803 2767 magicis
822 2733 898 2767 ope-

128 2774 210 2806 ribus
247 2780 308 2806 non
340 2774 388 2806 est
422 2771 501 2805 bona
540 2771 706 2805 secundum
737 2775 898 2814 utrumque

127 2830 207 2854 esse.
838 2821 898 2852 406

168 2868 248 2902 Can.
275 2875 359 2901 cvn.
385 2885 423 2890 —
452 2867 538 2906 Quod
565 2866 735 2900 substantia
758 2867 898 2900 intellec-

128 2916 220 2949 tualis
247 2916 335 2957 quus
359 2914 472 2948 anxilio
498 2915 624 2954 magicae
652 2915 734 2947 artes
758 2916 896 2953 utuntur,

129 2970 189 2995 nou
208 2965 256 2997 est
269 2962 348 2995 mala
368 2961 534 2994 secundum
553 2969 639 2995 suam
657 2964 806 2996 naturam.
839 2963 898 2994 407

992 262 1070 296 Cae.
1098 268 1196 294 cviii.
1226 277 1264 285 -
1290 258 1436 293 Rationes
1461 259 1572 300 quilius
1599 258 1720 300 probari

952 310 1070 343 videtur
1092 308 1173 351 quod
1192 309 1223 341 in
1239 306 1428 340 daemonibus
1454 315 1513 340 non
1535 307 1631 348 possit
1652 314 1720 338 csse

951 361 1121 400 peccatum.
1663 356 1722 387 409

992 404 1073 437 CAP.
1094 411 1162 437 cix.
1183 419 1222 428 -··
1250 402 1336 441 Quod
1356 402 1387 434 in
1413 402 1600 435 diciiionibus
1627 402 1724 443 possit

951 455 1109 492 peccatum
1129 453 1161 483 et
1180 450 1322 492 qualiter.
1568 464 1571 467 ·
1664 451 1720 482 411

995 500 1071 531 CAP.
1103 506 1158 530 cx.
1186 515 1225 521 -
1245 497 1362 529 Solutio
1386 498 1606 539 praemissarum
1630 498 1722 530 ratio-

955 555 1038 578 num.
1666 546 1725 579 413

995 594 1075 628 CAP.
1099 602 1168 627 cxi.
1193 612 1232 620 --
1250 595 1334 633 Quod
1354 595 1481 636 speciali
1504 595 1621 628 ratione
1639 602 1725 627 crea-

956 645 1030 674 turae
1066 642 1230 675 rationales
1268 641 1377 674 divium
1416 641 1615 684 providentiae
1653 641 1726 675 sub-

957 688 1079 721 duntur.
1666 689 1726 721 414

997 735 1078 769 CAP.
1109 744 1192 770 cx11.
1221 755 1258 761 -
1278 737 1364 774 Quod
1390 739 1534 769 creaturan
1564 735 1728 769 rationales

959 783 1164 824 gubernantur
1189 787 1315 826 propter
1343 785 1474 825 seipsas,
1501 783 1569 817 aliae
1594 791 1665 816 vero
1697 784 1728 816 in

960 831 1065 864 ordine
1079 831 1115 864 ad
1135 840 1197 864 eas.
1669 832 1726 864 414

1000 878 1078 910 Cae.
1109 886 1209 912 exin.
1236 896 1274 903 —
1303 879 1389 917 Quod
1416 879 1572 912 rationalis
1592 881 1728 912 creatura

960 926 1099 967 dirigitur
1127 936 1143 960 a
1166 928 1227 960 Deo
1253 928 1290 960 ad
1317 936 1389 961 suos
1417 930 1514 967 aetus,
1549 936 1608 960 non
1631 927 1728 960 solum

961 974 1125 1006 secundum
1155 974 1291 1007 ordinem
1311 975 1346 1006 ad
1371 976 1516 1016 speciem,
1544 975 1598 1009 sed
1621 983 1728 1007 sccun-

961 1021 1029 1053 dum
1050 1021 1129 1062 quod
1147 1022 1287 1063 congruit
1306 1021 1474 1055 individuo.
1670 1023 1731 1056 416

1001 1069 1079 1102 Car.
1107 1075 1198 1101 cxiv.
1230 1087 1267 1092 -
1288 1068 1372 1106 Quod
1391 1069 1537 1102 divinitus
1556 1068 1641 1110 teges
1661 1069 1731 1101 dan-

933 1141 937 1150 .
960 1120 1019 1149 tur.
1670 1118 1729 1150 417

1001 1163 1084 1197 CAP.
1110 1170 1189 1196 cxv.
1211 1181 1249 1187 —-
1270 1165 1356 1202 Quod
1385 1163 1434 1197 lox
1453 1163 1554 1196 divina
1576 1164 1729 1205 principa-

962 1211 1031 1244 liter
1049 1210 1170 1244 ordinat
1189 1211 1344 1244 hominem
1364 1211 1396 1243 in
1416 1211 1522 1243 Deum.
1671 1213 1729 1245 418

1000 1259 1081 1292 CAP.
1100 1266 1190 1292 cxvi.
1213 1275 1252 1284 -—
1271 1258 1358 1297 Quod
1378 1257 1447 1291 finis
1466 1258 1546 1299 tegis
1559 1258 1668 1291 divinae
1684 1262 1732 1291 est

961 1306 1084 1341 dilectio
1103 1307 1168 1340 Dei.
1671 1308 1732 1341 419

1002 1354 1083 1387 Car.
1105 1360 1211 1386 cxvii.
1229 1372 1267 1378 --
1293 1354 1379 1393 Quod
1400 1352 1502 1386 divina
1520 1352 1588 1393 lege
1614 1352 1733 1386 ordina-

963 1410 1028 1433 mur
1048 1401 1085 1434 ad
1104 1401 1300 1435 dilectionem
1314 1401 1458 1442 proximi.
1672 1402 1731 1435 419

1003 1449 1082 1481 CAP.
1101 1455 1223 1482 cxvur.
1244 1466 1282 1472 --
1305 1448 1391 1486 Quod
1405 1457 1459 1491 per
1478 1448 1611 1482 divinam
1632 1449 1732 1489 legem

963 1495 1103 1529 homines
1122 1495 1158 1527 ad
1178 1497 1293 1528 rectam
1315 1494 1405 1527 fidem
1422 1495 1608 1536 obligantur.
1672 1496 1732 1527 420

1004 1542 1084 1575 Car.
1106 1550 1197 1575 cxxx.
1221 1560 1258 1565 -
1278 1541 1363 1579 Quod
1380 1550 1434 1584 per
1449 1542 1585 1583 qtlaedam
1605 1542 1734 1577 sensibi-

965 1591 1003 1623 lia
1023 1598 1108 1623 mens
1122 1592 1225 1622 nostra
1244 1588 1385 1629 dirigitur
1404 1588 1434 1621 in
1457 1590 1561 1622 Deum.
1675 1591 1732 1624 421

1005 1637 1085 1671 Cae.
1106 1644 1185 1670 cxx.
1207 1655 1245 1661 —
1263 1635 1350 1674 Quod
1369 1636 1464 1670 latriae
1482 1637 1584 1670 cultus
1597 1636 1655 1670 soli
1673 1638 1735 1671 Deo

966 1686 1012 1719 est
1032 1685 1232 1718 exhibendus.
1676 1686 1736 1718 422

1006 1732 1090 1765 CAP.
1116 1739 1208 1765 cxxi.
1237 1750 1275 1756 -
1297 1732 1382 1769 Quod
1408 1731 1510 1764 divina
1537 1732 1585 1765 lex
1616 1731 1736 1764 ordinat

966 1779 1119 1811 hominem
1139 1779 1304 1812 secundum
1319 1778 1467 1812 rationem
1487 1778 1567 1812 circa
1591 1786 1736 1821 corpora·

966 1826 1006 1859 tia
1025 1829 1056 1859 et
1075 1825 1244 1860 sensibilia.
1676 1826 1735 1859 425

1008 1874 1089 1906 CAP.
1110 1880 1216 1906 cxxii.
1231 1891 1269 1898 --
1289 1874 1352 1912 Qua
1364 1873 1481 1906 ratione
1494 1871 1656 1905 fornicatio
1668 1871 1738 1906 sim-

967 1921 1038 1963 plex
1059 1919 1223 1954 secundum
1244 1920 1343 1961 legem
1357 1920 1489 1953 divinam
1509 1919 1548 1952 sit
1564 1920 1735 1961 peccatum,

968 1971 1000 2001 et
1023 1967 1102 2009 quod
1117 1968 1344 2000 matrimonium
1364 1967 1403 1999 sit
1423 1966 1574 1999 naturaie.
1678 1968 1737 1999 426

1008 2015 1088 2048 Cae.
1115 2021 1236 2047 cxxnr.
1262 2031 1300 2038 --
1322 2014 1409 2053 Quod
1434 2013 1659 2047 matrimonium
1683 2013 1736 2046 de-

968 2063 1039 2095 beat
1057 2069 1126 2095 esso
1144 2060 1342 2095 indivisibile.
1677 2062 1737 2095 428

1010 2110 1091 2143 CAP.
1121 2115 1236 2142 cxxlv.
1262 2125 1302 2133 —
1330 2109 1415 2147 Quod
1444 2108 1668 2143 matrimonium
1689 2108 1737 2141 de-

970 2158 1040 2191 beat
1053 2164 1121 2191 esse
1139 2156 1228 2190 unius
1241 2156 1279 2189 ad
1292 2165 1394 2190 unam.
1678 2157 1738 2190 429

1010 2205 1091 2238 CAP.
1122 2211 1224 2237 cxxv.
1253 2222 1292 2228 -
1320 2203 1406 2242 Quod
1426 2203 1652 2237 matrimonium
1677 2212 1738 2237 non

971 2252 1061 2285 debet
1078 2252 1143 2285 fieri
1163 2252 1242 2284 inter
1257 2251 1458 2293 propinquos.
1678 2252 1738 2286 430

1010 2299 1090 2333 Cap.
1112 2305 1229 2332 cxxv1.
1247 2315 1285 2323 --
1301 2299 1389 2336 Quod
1407 2306 1467 2331 non
1487 2299 1588 2334 omnis
1608 2298 1739 2333 carnalis

971 2346 1145 2379 commixtio
1165 2345 1206 2379 sit
1223 2348 1394 2387 peccatum.
1679 2346 1735 2380 431

1011 2393 1090 2425 CAP.
1118 2400 1249 2425 cxxvn.
1278 2411 1316 2416 —
1339 2393 1424 2430 Quod
1451 2392 1564 2427 nultius
1585 2392 1646 2426 cibi
1665 2401 1739 2426 usus

972 2443 1019 2474 est
1038 2442 1198 2481 peccatum
1221 2438 1385 2472 secundum
1402 2448 1446 2473 se.
1679 2440 1739 2473 432

1011 2487 1091 2522 CAP.
1108 2494 1252 2520 cxxvm.
1274 2504 1312 2511 —
1331 2485 1490 2526 Quomodo
1508 2487 1673 2521 secundum
1693 2488 1738 2521 le·

973 2544 1040 2578 gem
1059 2535 1112 2568 Dei
1132 2535 1223 2567 homo
1237 2534 1274 2567 ad
1287 2534 1460 2576 proximum
1480 2534 1647 2568 ordinatur.
1679 2538 1739 2570 433

1012 2583 1092 2616 Cae.
1114 2589 1228 2614 cxxix.
1251 2581 1388 2619 —Quod
1409 2581 1439 2613 in
1457 2582 1597 2615 humanis
1623 2582 1740 2617 actibus

972 2631 1044 2663 sunt
1061 2628 1163 2670 aliqua
1178 2631 1261 2662 recta
1280 2627 1445 2661 secundum
1463 2631 1613 2669 naturam,
1630 2632 1662 2662 et
1678 2638 1739 2663 nou

973 2678 1072 2712 solum
1091 2677 1179 2720 quasi
1197 2675 1265 2717 lege
1283 2676 1397 2718 posita.
1679 2677 1740 2711 435

1013 2725 1094 2758 CAP.
1118 2730 1224 2757 cxxix
1244 2723 1330 2764 (bis).
1349 2741 1388 2747 -
1407 2724 1494 2762 Quod
1512 2724 1649 2757 divinum
1662 2726 1741 2766 regi-

973 2782 1043 2806 men
1069 2772 1106 2805 ad
1129 2771 1270 2805 homines
1301 2773 1349 2803 est.
1370 2770 1450 2804 sicut
1475 2771 1610 2812 regimen
1637 2774 1740 2813 pater-

974 2828 1057 2852 num.
1682 2821 1740 2852 436

1014 2867 1093 2900 CAP.
1113 2873 1213 2898 cxxx.
1237 2883 1275 2889 —
1296 2865 1337 2898 De
1351 2865 1489 2898 consiliis
1508 2875 1574 2907 quae
1589 2867 1697 2899 dantur
1709 2866 1741 2898 in

973 2915 1041 2956 lege
1059 2913 1172 2946 divina.
1681 2914 1740 2946 440

1014 2961 1094 2995 ΟΑΡ.
1119 2968 1233 2996 cxxxi.
1251 2979 1289 2986 -
1308 2961 1350 2993 De
1369 2969 1473 2995 errore
1498 2960 1739 3003 impugnantium
1755 2968 1762 2980 ·
