1894 3223
221 89 291 123 160
831 80 919 115 LlB.
947 80 993 122 11,
1022 79 1121 114 CAP.
1149 79 1265 114 XLVI.

230 167 429 215 positione
450 161 734 209 perfectionem
755 159 873 197 rebus
901 159 1043 196 creatis
1062 159 1281 196 secundum
1318 166 1435 195 suum
1464 156 1626 193 modum
1656 156 1849 202 optimum

234 213 479 258 assignarim,
503 215 755 259 consequens
775 206 849 243 fuit
863 206 968 258 quod
989 206 1169 253 quaedam
1194 209 1384 243 creaturae
1404 203 1694 241 intellectuales
1715 202 1854 240 fierent

235 262 275 297 in
298 265 454 296 summo
476 264 608 292 rerum
631 257 774 290 vertice
789 256 1029 290 constitutae.

280 308 385 341 Tunc
406 303 511 340 enim
536 301 700 338 effectus
721 301 892 337 maxime
913 301 1110 346 perfectus
1131 303 1189 337 est
1211 299 1370 346 quando
1394 298 1432 334 in
1451 306 1567 335 suum
1589 297 1690 333 redit
1710 297 1855 343 princi-

232 352 368 398 pium;
393 350 495 387 unde
520 352 557 386 et
577 347 752 385 circulus
782 347 884 384 inter
914 356 1053 384 omnes
1083 346 1246 393 figuras,
1282 350 1319 383 et
1351 349 1484 382 motus
1516 344 1722 381 circularis
1753 344 1856 380 inter

232 407 374 436 omnes
395 401 543 440 motus,
565 399 626 432 est
643 395 814 431 maxime
830 394 1042 440 perfectus,
1058 395 1150 440 quia
1170 394 1210 429 in
1226 393 1284 430 eis
1297 392 1345 430 ad
1365 392 1604 438 principium
1620 391 1782 428 reditur.
1799 391 1856 428 Ad

236 447 312 482 hoc
333 444 456 491 igitur
477 442 582 490 quod
601 442 832 479 universum
853 445 1121 478 creaturarum
1143 440 1323 477 ultimam
1339 439 1619 485 perfectionem
1641 446 1858 484 consequa·

235 495 313 536 tur,
337 494 493 538 oportet
525 492 728 526 creaturas
758 488 806 525 ad
834 497 952 525 suum
984 488 1112 525 redire
1142 487 1396 533 principium.
1435 485 1612 523 Redeunt
1645 488 1775 522 autem
1808 484 1857 522 ad

236 548 354 576 suum
376 537 617 584 principium
638 535 807 582 singulae
825 538 862 571 et
884 544 1023 571 omnes
1048 539 1251 577 creaturae,
1282 534 1324 570 in
1358 537 1549 580 quantum
1578 532 1640 570 sui
1672 531 1857 578 principii

238 584 545 623 similitudinem
567 586 708 632 gerunt
728 581 948 619 secundum
969 591 1085 618 suum
1108 590 1197 618 esse
1220 585 1258 617 et
1279 590 1391 618 suam
1420 583 1617 624 naturam,
1650 579 1691 615 in
1712 578 1858 625 quihus

236 632 448 679 quamdam
468 631 751 677 perfectionem
772 629 918 666 hahent
940 640 948 672 ;
971 629 1075 665 sicut
1091 631 1127 664 et
1142 636 1282 665 omnes
1298 626 1462 664 effectus
1479 630 1573 664 tunc
1591 626 1762 663 maxime
1777 634 1860 671 per-

234 679 325 716 fecti
350 677 620 725 suntquando
642 677 812 713 maxime
847 676 1073 712 similantur
1105 684 1236 711 causae
1271 674 1418 719 agenti,
1457 677 1498 710 ut
1526 674 1668 711 domus
1699 672 1858 720 quando

235 727 407 763 maxime
431 725 631 762 similatur
662 724 749 767 arti,
783 726 820 760 et
850 723 956 769 ignis
997 722 1155 768 quando
1191 721 1362 758 maxime
1398 720 1598 757 similatur
1637 719 1858 766 generanti.

230 774 365 817 ‚Quum
388 773 509 820 igitur
530 771 754 808 intellectus
776 769 842 806 Dei
864 773 1133 806 creaturarum
1155 768 1429 814 productionis
1447 767 1686 813 principium
1712 767 1776 808 sit,
1818 769 1862 803 ut

236 829 357 866 supra
381 819 429 866 (c.
446 822 489 856 23
511 822 548 855 et
567 818 626 864 24)
649 821 855 854 ostensum
881 820 953 861 est,
980 825 1144 853 necesse
1168 816 1253 858 fuit,
1276 815 1324 851 ad
1351 818 1621 851 creaturarum
1653 812 1860 859 perfectio-

240 875 346 911 nem,
371 866 477 913 quod
497 866 638 911 aliquae
659 868 848 901 creaturae
873 867 1006 900 essent
1027 863 1310 907 intelligentes.

287 915 473 960 Amplius,
497 912 686 959 perfectio
709 911 885 948 secunda
905 911 943 946 in
963 910 1080 948 rebus
1095 910 1203 946 addit
1226 918 1346 954 supra
1366 908 1533 954 primam
1552 907 1854 954 perfectionem.

241 960 350 997 Sicut
370 964 501 998 autem
518 969 608 996 6556
630 962 667 996 et
687 962 828 995 natura
847 958 900 994 rei
917 957 1192 994 consideratur
1213 955 1433 993 secundum
1460 955 1627 1000 primam
1654 954 1862 1000 perfectio-

243 1016 349 1052 nem,
375 1008 428 1044 ita
448 1006 626 1054 operatio
649 1005 867 1043 secundum
890 1005 1171 1050 perfectionem
1193 1002 1423 1041 secundam.
1447 1002 1627 1048 oportuit
1647 1001 1782 1048 igitur,
1814 999 1863 1038 ad

243 1059 564 1092 consummatam
587 1053 762 1090 universi
783 1052 1081 1098 perfectionem,
1100 1060 1188 1088 esse
1208 1050 1362 1096 aliquas
1375 1052 1577 1086 creaturas
1587 1049 1724 1095 quaein
1740 1049 1862 1084 Deum

245 1102 432 1144 redirent,
460 1110 539 1138 non
559 1101 689 1138 solum
712 1099 931 1136 secundum
953 1103 1102 1135 naturae
1124 1097 1443 1141 similitudinem,
1465 1095 1534 1133 sed
1553 1097 1671 1132 etiam
1692 1104 1759 1140 per
1775 1103 1864 1140 ope-

242 1149 440 1185 rationem
457 1161 464 1192 3
479 1157 565 1194 quae
590 1147 747 1193 quidem
770 1155 851 1182 non
868 1150 997 1192 potest
1016 1155 1105 1182 esse
1123 1145 1201 1181 nisi
1224 1154 1292 1190 per
1312 1147 1443 1180 actum
1471 1143 1696 1179 intellectus
1731 1146 1768 1178 et
1796 1150 1864 1178 vo-

243 1196 424 1240 luntatis,
444 1195 537 1241 quia
558 1203 630 1230 nec
651 1194 735 1239 ipse
755 1195 858 1230 Deus
879 1193 992 1229 aliter
1013 1202 1105 1238 erga
1126 1192 1304 1237 seipsum
1318 1189 1728 1236 operationemhabet.
1747 1190 1866 1234 Opor-

245 1244 322 1326 tulilt
343 1243 476 1325 igitulr,
498 1241 542 1279 ad
559 1241 841 1287 perfectionem
865 1240 1052 1286 optimam
1077 1239 1272 1283 universi,
1295 1247 1384 1274 6556
1405 1237 1562 1283 aliquas
1584 1240 1786 1273 creaturas
1805 1236 1863 1271 in-

245 1295 283 1328 te
319 1294 431 1326 60166
451 1298 506 1331 65,

292 1337 436 1376 Adhuc,
459 1336 507 1372 ad
528 1335 601 1371 hoc
619 1334 723 1380 quod
744 1334 914 1379 perfecte
937 1333 1080 1370 divinae
1100 1332 1293 1369 bonitatis
1308 1330 1605 1377 repraesentatio
1626 1339 1694 1377 per
1715 1332 1865 1366 creatu-

247 1393 313 1421 ras
337 1383 459 1427 fieret,
479 1382 665 1427 oportuit,
690 1385 868 1425 utsupra
889 1380 937 1427 (c.
966 1381 1024 1425 45)
1050 1384 1256 1417 ostensum
1289 1382 1362 1422 est,
1387 1387 1468 1415 non
1499 1378 1630 1414 solum
1663 1376 1768 1422 quod
1803 1384 1866 1413 res

246 1432 362 1468 bonae
384 1429 536 1473 fierent,
561 1428 627 1465 sed
650 1428 768 1464 etiam
790 1427 893 1474 quod
915 1427 962 1463 ad
984 1427 1153 1463 aliorum
1175 1426 1393 1463 bonitatem
1413 1428 1588 1471 agerent.
1611 1424 1866 1460 Assitnilatur

248 1482 379 1516 autem
391 1477 559 1522 perfecte
578 1475 728 1521 aliquid
740 1475 851 1512 alteri
874 1475 914 1510 in
930 1474 1098 1519 agendo,
1120 1473 1279 1520 quando
1300 1481 1379 1509 non
1395 1473 1527 1509 solum
1548 1474 1608 1508 est
1627 1471 1763 1507 eadem
1778 1478 1866 1515 spe-

247 1526 331 1563 cies
353 1523 537 1567 actionis,
561 1522 629 1558 sed
652 1522 768 1558 etiam
791 1521 894 1558 idern
914 1521 1057 1558 modus
1078 1520 1235 1567 agendi.
1253 1519 1579 1565 Oportuitigitur,
1600 1518 1649 1554 ad
1670 1525 1867 1554 summam

248 1580 383 1610 rerum
400 1570 695 1616 perfectionem,
716 1569 820 1615 quod
842 1572 976 1606 essent
996 1568 1139 1614 aliquae
1160 1571 1349 1604 creaturae
1370 1575 1456 1613 quae
1475 1568 1636 1612 agerent
1652 1565 1726 1601 hoc
1749 1564 1868 1601 modo

250 1629 331 1666 quo
351 1620 456 1654 Deus
477 1617 570 1663 agit.
585 1617 797 1653 Ostensum
820 1620 879 1653 est
900 1619 1030 1652 autem
1052 1624 1172 1661 supra
1191 1613 1239 1661 (c.
1261 1614 1320 1660 23)
1342 1613 1447 1660 quod
1467 1614 1572 1649 Deus
1592 1611 1674 1659 agit
1705 1621 1774 1657 per
1808 1611 1867 1647 in-

253 1666 453 1747 tellectunli
475 1669 511 1700 et
533 1664 789 1701 voluntatem.
810 1663 989 1709 Oportuit
1008 1662 1130 1709 igitur
1151 1662 1306 1709 aliquas
1327 1664 1528 1698 creaturas
1545 1668 1634 1697 6556
1650 1658 1872 1705 intelllgen-

249 1717 311 1751 tes
329 1717 367 1749 et
384 1721 432 1748 vo
452 1715 576 1748 entes.

298 1760 480 1805 Amplius.
503 1757 723 1794 similitudo
757 1756 922 1793 effectus
943 1757 991 1794 ad
1021 1765 1182 1793 causam
1205 1759 1387 1801 agentem
1413 1754 1629 1791 attenditur
1649 1752 1871 1790 secundum

255 1807 420 1844 formam
455 1804 618 1841 effectus
641 1804 706 1850 qui
738 1804 953 1849 praeexistit
982 1804 1022 1840 in
1057 1809 1220 1849 agen103
1255 1811 1378 1848 agens
1415 1802 1520 1838 enim
1542 1801 1624 1845 agit
1643 1800 1718 1837 sihi
1741 1799 1872 1836 simile

253 1855 293 1891 in
316 1854 444 1889 forma
464 1852 681 1889 secundum
705 1860 823 1897 quam
844 1851 938 1897 agit.
962 1852 1100 1887 Forma
1119 1854 1248 1887 autem
1271 1848 1426 1895 agentis
1448 1848 1636 1894 recipitur
1653 1846 1811 1894 quidem
1830 1845 1873 1882 in

254 1900 412 1943 effectu,
426 1899 663 1946 quandoque
684 1898 903 1935 secundum
920 1898 1099 1934 eumdem
1122 1896 1284 1934 modum
1305 1895 1465 1932 essendi
1486 1904 1565 1942 quo
1581 1895 1699 1932 estin
1714 1896 1873 1939 agente,

255 1948 361 1985 sicut
393 1946 520 1983 forma
552 1945 658 1992 ignis
679 1945 854 1991 generati
887 1945 1068 1981 eumdem
1091 1943 1250 1981 essendi
1284 1942 1401 1979 habet
1428 1942 1589 1979 modum
1625 1950 1716 1978 cum
1746 1940 1875 1978 forma

256 1994 364 2041 ignis
397 1992 652 2040 generantis3
675 1992 912 2039 quandoque
944 2001 1036 2028 vero
1074 1991 1293 2027 secundum
1339 1989 1460 2026 alium
1494 1988 1654 2026 modum
1698 1987 1873 2032 essendi,

257 2043 362 2079 sicut
380 2041 506 2077 forma
537 2040 797 2086 domus,quae
831 2043 891 2076 est
924 2038 1227 2085 intelligibiliter
1256 2038 1297 2074 in
1327 2040 1458 2073 mente
1488 2035 1665 2079 artificis,
1687 2035 1876 2082 recipitur

256 2087 512 2126 materialiter
532 2087 573 2123 in
601 2087 734 2132 domo,
755 2096 842 2134 quae
863 2089 922 2123 est
951 2089 1060 2123 extra
1091 2085 1278 2123 animam.
1303 2085 1412 2121 Patet
1443 2083 1564 2131 igitur
1598 2082 1873 2128 perfectiorem

258 2145 347 2173 esse
367 2135 532 2181 primam
555 2133 856 2171 similitudinem
877 2143 993 2179 quam
1016 2132 1246 2170 secundam.
1268 2130 1460 2168 Perfectio
1483 2134 1613 2167 autem
1636 2129 1876 2167 universalis

259 2186 525 2220 creaturarum
558 2181 743 2218 consistit
774 2181 815 2217 in
850 2180 1113 2217 similitudine
1145 2179 1193 2216 ad
1225 2181 1363 2223 Deum,
1403 2178 1506 2215 sicut
1527 2177 1645 2214 etiam
1681 2177 1871 2223 perfectio

259 2229 472 2276 cujuslibet
496 2227 666 2280 *effectus
698 2228 740 2264 in
771 2228 1032 2265 similitudine
1062 2227 1112 2265 ad
1135 2235 1298 2264 causam
1327 2228 1523 2272 agentem.
1547 2223 1724 2271 Requirit
1753 2224 1877 2271 igitur

260 2285 417 2315 summa
437 2275 611 2313 unwersi
629 2275 816 2321 perfectio
837 2284 916 2312 non
938 2275 1069 2312 solum
1087 2274 1302 2312 secundam
1332 2271 1662 2310 assimilationem
1684 2275 1876 2308 creaturae

260 2324 308 2361 ad
328 2325 465 2368 Deum,
486 2322 557 2360 sed
588 2322 706 2359 etiam
739 2321 920 2368 primam,
943 2326 1132 2368 quantum
1166 2319 1360 2367 possibile
1389 2323 1463 2356 est.
1497 2321 1637 2356 Forma
1657 2321 1788 2355 autem
1809 2326 1880 2364 per

262 2379 381 2418 quam
415 2371 519 2407 Deus
556 2369 639 2416 agit
675 2372 894 2406 creaturam
924 2373 982 2406 est
1014 2369 1141 2405 forma
1172 2366 1439 2413 intelligibilis
1470 2366 1511 2403 in
1544 2366 1658 2411 ipso;
1682 2369 1741 2402 est
1771 2365 1878 2402 enim

263 2426 387 2464 agens
407 2426 476 2463 per
505 2416 764 2460 intellectum,
788 2419 830 2453 ut
861 2425 982 2462 supra
1002 2415 1050 2462 (c.
1071 2415 1130 2461 23)
1154 2419 1360 2451 ostensum
1380 2418 1451 2450 est.
1478 2414 1638 2458 Oportet
1671 2412 1804 2458 igitur,
1829 2410 1880 2449 ad

264 2473 461 2502 summam
480 2463 763 2510 perfectionem
791 2462 982 2506 universi,
1003 2471 1091 2500 esse
1113 2462 1267 2509 aliquas
1288 2464 1489 2498 creaturas
1506 2461 1548 2496 in
1569 2459 1713 2506 quibus
1736 2466 1878 2495 secun·

265 2512 359 2548 dum
391 2520 480 2548 esse
515 2510 764 2557 intelligibile
798 2510 925 2547 forma
956 2510 1078 2546 divini
1109 2509 1333 2546 intellectus
1366 2508 1632 2553 exprimatur;
1654 2505 1786 2542 ethoc
1819 2507 1881 2542 est

262 2567 355 2595 esse
375 2562 575 2595 creaturas
596 2557 815 2595 secundum
830 2566 944 2595 suam
964 2561 1146 2594 naturam
1165 2555 1466 2593 intellectuales.

312 2606 411 2656 Item,
434 2604 483 2642 ad
503 2604 804 2650 productionem
836 2608 1104 2642 creaturarum
1141 2603 1242 2640 nihil
1274 2602 1382 2640 aliud
1415 2602 1546 2638 movet
1564 2600 1687 2636 Deum
1708 2599 1786 2636 nisi
1806 2607 1882 2637 sna

267 2650 426 2702 bonitas
442 2679 451 2695 ‚
470 2697 476 2702 .
499 2661 616 2697 quam
655 2652 774 2688 rebus
811 2651 902 2689 aliis
938 2651 1234 2688 communicare
1270 2649 1418 2692 voluit,
1451 2646 1669 2684 secundum
1716 2646 1880 2684 modum

267 2697 573 2749 assimilationis
602 2698 650 2735 ad
668 2699 813 2744 ipsum,
836 2702 878 2735 ut
895 2708 942 2735 ex
963 2698 1079 2736 dictis
1101 2698 1142 2745 (l.
1164 2707 1192 2742 1,
1214 2707 1248 2734 c.
1271 2696 1329 2742 87)
1350 2698 1468 2741 patet.
1492 2692 1717 2730 Similitudo
1749 2698 1881 2730 autem

269 2745 390 2783 unius
412 2744 611 2781 invenitur
630 2746 670 2782 in
691 2746 815 2783 altero
835 2745 1072 2792 dupliciter:
1095 2753 1174 2782 uno
1195 2743 1314 2781 modo
1335 2745 1525 2789 quantum
1547 2739 1594 2777 ad
1609 2749 1697 2778 6556
1715 2744 1879 2785 naturae,

270 2791 375 2830 Sicut
409 2791 629 2828 similitudo
661 2792 806 2830 caloris
840 2792 947 2839 ignis
969 2797 1028 2830 est
1048 2792 1088 2829 in
1107 2801 1147 2829 re
1168 2790 1357 2828 calefacta
1387 2797 1456 2834 per
1479 2788 1638 2834 ignem,
1659 2786 1737 2824 alio
1761 2787 1882 2824 inodo

273 2838 493 2876 seeundum
525 2838 808 2885 cognitionem,
830 2840 935 2877 sicut
965 2838 1185 2876 similitudo
1212 2836 1318 2882 ignis
1338 2839 1399 2873 est
1425 2835 1468 2873 in
1484 2834 1574 2873 visu
1607 2834 1668 2872 vel
1689 2838 1807 2871 tactu.
1825 2832 1882 2872 Ad
