1894 3223
109 88 180 123 582
718 84 803 118 Ltss.
833 83 889 125 lV,
917 83 1018 118 CAP.
1047 84 1138 118 Lm.

161 167 198 204 Si
221 167 311 213 quis
333 168 464 201 autem
485 164 585 200 dicat
601 163 706 209 quod
728 163 1166 214 propter*obedientiam
1183 164 1306 201 Patris
1328 164 1449 200 Filius
1474 163 1539 199 Dei
1558 166 1723 199 moriem

113 213 314 255 sustinuit,
334 211 410 257 hoc
429 219 507 246 non
528 210 683 246 videtur
704 209 951 250 rationabile,

163 258 392 297 ohedientia
412 257 515 292 enim
538 256 724 301 impletur
743 265 812 301 per
831 255 907 292 hoc
929 256 1034 302 quod
1063 256 1253 294 obediens
1273 266 1317 294 se
1345 257 1569 294 conformat
1589 256 1728 292 volun·

113 308 182 344 tati
206 304 483 351 praecipientis.
513 304 705 340 Voluntas
736 306 865 339 autem
900 303 967 339 Dei
989 303 1114 339 Patris
1144 303 1425 341 irrationabilis
1449 312 1539 341 esse
1559 312 1639 339 non
1660 311 1730 348 po-

115 357 203 390 test.
227 352 265 388 Si
296 351 415 397 igitur
436 359 516 386 non
539 351 609 387 fuit
636 350 876 386 conveniens
904 352 1024 386 Deum
1056 349 1257 386 hominem
1278 350 1423 390 factum
1449 355 1616 387 mortem
1637 350 1731 395 pati,

116 399 207 446 qnia
226 406 334 434 mors
365 398 564 434 contraria
594 406 682 434 esse
712 397 863 433 videtur
885 396 1088 440 divinitati,
1111 406 1198 443 quae
1223 397 1301 433 vita
1321 401 1393 442 est,
1414 397 1534 444 huJus
1555 397 1610 433 rei
1632 396 1731 433 ratio

113 456 161 484 ex
184 444 407 481 obedientia
426 444 475 480 ad
494 446 647 480 Patrem
671 444 950 480 convenienter
968 443 1164 490 assignari
1188 452 1263 479 non
1287 447 1430 489 potest.

162 494 352 531 Praeterea,
374 491 558 528 voluntas
580 492 647 527 Dei
667 500 746 526 non
770 495 829 527 est
848 491 892 526 ad
911 494 1074 526 mortem
1096 490 1318 534 hominum,
1333 491 1449 527 etiam
1464 494 1732 537 peccatorum,

114 539 184 578 sed
207 538 333 585 magis
354 538 401 574 ad
421 538 554 582 vitam,
580 538 799 574 secundum
816 537 934 573 illud:
957 539 1045 574 Noto
1063 540 1209 572 mortem
1228 539 1345 582 impii,
1367 538 1429 572 sed
1448 541 1488 573 ut
1505 540 1732 574 convertatur

113 588 248 631 impius
269 596 291 620 α
308 587 370 619 'citt
389 596 454 620 sud
469 588 502 620 et
514 587 626 621 vitat.
646 585 801 630 (Ezcclt.,
823 593 962 625 XXXIII,
988 584 1060 630 11.)
1081 584 1200 620 Mulio
1215 584 1333 630 igitur
1350 584 1483 621 minus
1501 585 1627 630 potuit
1642 593 1733 621 esse

116 634 302 669 voluntas
324 632 390 668 Dei
414 632 541 668 Patris
563 636 604 668 ut
627 632 745 668 homo
767 631 1082 677 perfectissimus
1101 631 1216 667 morti
1237 631 1509 677 subjiceretur.

161 680 344 724 Amplius,
377 679 541 724 impium
572 682 609 715 et
629 679 786 715 crudele
818 679 972 714 videtur
1000 678 1253 714 innocentem
1283 680 1476 724 praecepto
1499 678 1544 714 ad
1565 681 1733 714 mortem

113 726 315 770 inducere,
349 728 388 761 et
418 725 611 771 praecipue
644 734 713 770 pro
747 725 892 770 impiis,
924 725 990 771 qui
1023 728 1148 761 morte
1180 728 1274 761 sunt
1309 725 1431 772 digni.
1454 726 1578 761 Homo
1603 727 1733 761 autem

117 773 295 810 Christus
326 774 441 809 Jesus
472 773 665 809 innocens
687 772 771 808 fuit.
805 772 969 817 Impium
993 772 1113 818 igitur
1135 772 1272 808 fnisset
1292 771 1342 816 si,
1363 775 1555 818 praecepto
1576 772 1643 807 Dei
1662 773 1735 808 Pa·

114 821 201 859 tris,
223 823 386 856 mortem
411 819 615 856 subiisset.

163 867 200 903 Si
227 876 320 903 vero
354 866 498 912 aliquis
528 866 630 903 dicat
660 866 737 902 hoc
764 866 1031 902 necessarium
1056 865 1181 902 fuisse
1210 869 1369 911 propter
1387 865 1650 902 humilitatem
1673 865 1736 901 de-

116 913 429 958 monstrandam,
453 913 554 949 sicut
572 914 787 957 Apostolus
807 913 957 949 videtur
978 913 1105 949 dicere
1127 914 1232 959 quod
1254 913 1461 948 humiliavit
1490 913 1732 957 semetipsum,

116 964 236 1006 factus
256 961 420 1044 obceicliens
440 970 552 1006 usque
568 961 616 996 ad
634 963 783 996 mortem
802 960 927 1007 (Phia,
949 969 990 1005 ΙΙ,
1013 960 1063 1006 8),
1085 969 1158 996 nec
1180 961 1262 997 liaec
1294 959 1449 1007 quidem
1472 959 1572 996 ratio
1593 967 1736 995 conve-

116 1009 232 1046 niens
253 1008 288 1043 vi
320 1011 431 1044 etur:

165 1055 338 1091 Primum
361 1054 532 1101 quidem,
555 1054 647 1101 quia
664 1054 703 1090 in
723 1064 769 1091 eo
790 1053 1104 1091 commendenda
1141 1057 1200 1090 est
1221 1053 1424 1090 humilitas
1445 1053 1512 1100 qui
1530 1053 1649 1089 habet
1669 1062 1735 1090 su—

115 1102 313 1149 periorem
343 1102 406 1138 cui
438 1101 577 1147 subjici
609 1101 762 1146 possit;
793 1101 897 1148 quod
933 1101 980 1137 de
1015 1103 1093 1137 Deo
1128 1100 1204 1137 dici
1235 1109 1317 1137 non
1348 1103 1489 1147 potest.
1512 1102 1598 1137 Non
1615 1100 1734 1147 igitur

118 1149 360 1186 conveniens
380 1149 453 1184 fuit
471 1149 537 1184 Dei
558 1148 725 1184 Verbum
748 1148 947 1184 humiliari
969 1157 1095 1194 usque
1115 1148 1163 1183 ad
1181 1152 1362 1184 mortem.

164 1198 263 1235 Item,
297 1196 392 1231 satis
412 1195 595 1232 homines
627 1195 676 1231 ad
697 1195 958 1231 humilitatem
988 1194 1193 1230 informari
1223 1197 1404 1239 poterant
1422 1194 1553 1231 verbis
1574 1193 1733 1236 divinis,

117 1243 262 1290 quibus
284 1246 344 1278 est
363 1241 461 1278 fides
493 1241 722 1278 omnimoda
742 1241 976 1285 adhibenda,
1000 1246 1035 1278 et
1070 1241 1260 1286 exemplis
1280 1241 1481 1277 humanis.
1512 1243 1599 1277 Non
1618 1241 1737 1287 igitur

117 1290 164 1326 ad
199 1288 550 1326 demonstrandum
573 1289 806 1325 humilitatis
837 1289 1060 1334 exemplum
1082 1288 1352 1325 necessarium
1373 1288 1446 1324 fuit
1472 1288 1640 1324 Verbum
1670 1288 1737 1324 Dei

118 1340 185 1373 aut
207 1345 365 1373 carnem
387 1345 542 1372 sumere
564 1339 632 1372 aut
650 1339 814 1372 mortem
837 1336 986 1372 subire.

165 1383 203 1419 Si
236 1383 326 1429 quis
359 1385 488 1420 autem
515 1383 655 1418 iterum
690 1382 794 1418 dicat
815 1382 933 1428 quod,
954 1385 1112 1428 propter
1129 1386 1380 1428 peccatorum
1401 1385 1630 1418 nostrorum
1651 1391 1739 1426 pur-

115 1430 332 1478 gationem,
353 1429 622 1466 necessarium
644 1429 717 1465 suit
737 1430 932 1466 Christum
954 1433 1122 1465 mortem
1144 1429 1276 1466 subire
1297 1431 1335 1465 et
1352 1428 1430 1465 alia
1450 1437 1536 1474 quae
1555 1427 1739 1464 videntur

118 1486 207 1513 esse
229 1476 393 1521 abjecta,
416 1476 517 1513 sicut
537 1476 750 1521 Apostolus
771 1476 863 1512 dicit
895 1476 999 1523 quod
1019 1476 1188 1512 traditus
1208 1479 1270 1513 est
1285 1478 1446 1522 propter
1465 1475 1597 1510 delicta
1614 1479 1740 1511 nostra

117 1524 247 1568 (Rom,
286 1532 340 1566 lv,
374 1523 448 1570 25),
482 1527 520 1559 et
548 1523 718 1559 iterum:
755 1524 901 1560 Oblatas
930 1526 981 1558 est
1009 1523 1059 1558 ad
1089 1523 1283 1559 multorum
1313 1522 1563 1559 eoehaurz'enda
1589 1525 1739 1567 pecc-atta

115 1571 255 1616 (Helm,
278 1579 332 1614 ix,
354 1570 427 1616 28),
452 1579 524 1606 nec
543 1569 619 1606 hoc
641 1569 794 1607 videtur
814 1579 903 1606 esse
922 1570 1164 1607 conveniens
1187 1580 1196 1604 2

166 1617 296 1653 Primo
327 1617 498 1664 quidem,
532 1617 625 1664 quia
656 1626 725 1663 per
757 1617 882 1654 solam
916 1617 983 1654 Dei
1017 1617 1183 1664 gratiam
1216 1617 1422 1654 hominum
1453 1619 1613 1663 peccata
1647 1625 1739 1662 pur-

118 1668 261 1700 <rantur
282 1676 290 1707 ;

117 1691 140 1711 ὃ
166 1711 326 1755 Deinde,
351 1711 456 1758 quia,
487 1711 521 1748 si
549 1711 682 1757 aliqua
702 1711 918 1748 satisfactio
938 1711 1224 1758 requirebatur,
1254 1711 1498 1748 conveniens
1520 1709 1592 1747 fuit
1611 1713 1652 1746 ut
1671 1710 1739 1747 ille

117 1758 364 1795 satisfaceret
395 1758 461 1805 qui
492 1759 692 1804 peccavit3
727 1759 831 1805 quia,
864 1759 904 1795 in
936 1759 1045 1805 justo
1066 1758 1313 1805 Deijudicio,
1336 1757 1614 1805 unusquisque
1634 1766 1739 1794 onus

117 1814 234 1842 suum
256 1805 371 1842 debet
393 1808 561 1851 portare.

163 1854 263 1896 Item,
284 1853 319 1889 si
357 1852 598 1889 conveniens
629 1853 701 1889 suit
735 1857 777 1890 ut
809 1853 953 1899 aliquis
985 1852 1148 1889 homine
1184 1861 1284 1899 puro
1316 1852 1444 1898 major
1473 1861 1544 1897 pro
1577 1852 1740 1888 homine

115 1900 375 1941 satisfaceret,
397 1899 602 1936 sufficiens
623 1900 774 1936 videtur
794 1900 918 1936 fuisse
941 1899 976 1936 si
1005 1900 1188 1946 angelus,
1210 1908 1328 1936 carne
1360 1902 1579 1944 assumpta,
1601 1898 1740 1944 hujus-

116 1946 225 2028 giodi
260 1946 584 1991 satisfactionem,
617 1946 834 1992 implesset,
871 1955 993 1993 quum
1024 1946 1192 1993 angelus
1225 1946 1455 1983 naturaliter
1481 1946 1532 1983 sit
1562 1946 1741 1991 superior

147 2001 293 2029 omme.

162 2041 352 2079 Praeterea,
376 2043 580 2085 peccatum
602 2049 682 2076 non
703 2041 880 2085 expiatur
899 2043 1074 2086 peccato,
1098 2041 1166 2077 sed
1199 2040 1326 2087 magis
1348 2042 1532 2088 augetur.
1559 2039 1599 2077 Si
1619 2040 1742 2085 igitur

114 2095 186 2133 per
202 2091 368 2123 mortem
390 2086 568 2123 Christus
590 2087 818 2124 satisfacere
852 2087 997 2128 debuit,
1032 2087 1122 2124 talis
1154 2087 1287 2124 debuit
1315 2087 1402 2133 ejus
1434 2095 1543 2124 mors
1575 2095 1666 2124 esse
1698 2087 1740 2123 in

116 2143 195 2179 qua
215 2133 349 2170 nullus
370 2135 562 2179 peccaret,
585 2136 628 2170 ut
649 2134 799 2171 scilicet
827 2143 909 2171 non
939 2134 1112 2171 violenta
1143 2137 1284 2178 morte,
1305 2134 1373 2171 sed
1402 2133 1633 2171 naturaliter
1653 2143 1737 2171 mo-

113 2183 281 2218 mmmm

162 2227 316 2272 Adhuc,
361 2228 397 2266 si
432 2236 502 2273 pro
540 2227 711 2273 peccatis
745 2228 954 2266 hominum
994 2228 1192 2266 Christum
1236 2228 1338 2266 mori
1373 2228 1574 2274 oportuit,
1617 2239 1739 2276 quum

114 2273 342 2358 stela-uenter
391 2274 577 2312 homines
626 2279 814 2321 peccent,
866 2275 1108 2322 oportuisset
1161 2284 1251 2312 eum
1296 2276 1522 2323 frequenter
1571 2280 1737 2313 mortem

116 2329 163 2358 su
195 2331 265 2358 ire.

163 2369 202 2405 Si
250 2367 340 2420 quis
384 2371 515 2406 autem
557 2369 660 2406 dicat
693 2370 797 2417 quod
836 2370 1058 2416 specialiter
1093 2373 1253 2416 propter
1289 2374 1495 2416 peccatum
1542 2370 1741 2418 originale

114 2423 386 2452 necessarium
416 2416 489 2453 fuit
525 2416 724 2454 Christum
766 2417 878 2454 nasci
914 2421 953 2454 et
982 2416 1062 2463 pati
1082 2416 1094 2465 (
1114 2417 1220 2464 quod
1254 2417 1413 2464 quidem
1458 2421 1583 2456 totam
1623 2421 1739 2454 natu-

114 2470 216 2545 rasili]t
237 2463 452 2500 humanam
489 2463 678 2501 infecerat
719 2464 880 2501 homine
922 2464 1050 2511 primo
1089 2464 1331 2512 peccante),
1370 2464 1447 2504 hoc
1487 2464 1737 2512 impossibile

114 2517 151 2544 vt
182 2519 200 2545 e
223 2519 280 2546 ur.

144 2556 199 2606 ‘Si
235 2556 340 2594 enim
375 2557 442 2594 alii
469 2557 654 2595 homines
686 2557 734 2595 ad
768 2558 1093 2596 satisfaciendum
1113 2567 1185 2604 pro
1204 2562 1369 2605 peccato
1403 2559 1590 2608 originali
1624 2559 1738 2598 suffi-

114 2606 265 2654 cientes
281 2613 366 2655 non
388 2607 494 2649 sunt,
516 2614 589 2642 nec
608 2613 716 2642 mors
737 2605 881 2643 Christi
900 2615 970 2651 pro
989 2606 1162 2652 peccatis
1184 2606 1349 2643 humani
1370 2607 1532 2653 generis
1555 2607 1736 2645 satisfac-

115 2650 216 2686 toria
235 2650 357 2687 fuisse
377 2651 543 2697 videtur,
567 2652 661 2698 quia
680 2655 718 2688 et
747 2661 831 2698 ipse
862 2653 1082 2690 secundum
1111 2653 1326 2691 humanam
1347 2658 1529 2692 naturam
1550 2657 1734 2692 mortuus

112 2699 190 2738 est,
212 2704 291 2732 non
313 2698 533 2735 secundum
554 2698 740 2736 divinam.

143 2743 360 2794 ,Ptjaeterem
383 2744 418 2782 si
443 2745 628 2797 ‘Christus
659 2755 730 2792 pro
750 2747 924 2793 peccatis
945 2747 1109 2784 humani
1131 2748 1291 2795 generis
1311 2747 1556 2786 sufficienter
1579 2747 1730 2785 satisfe-

116 2793 182 2834 cit,
204 2794 395 2836 anustum
413 2792 568 2844 videtur
581 2792 741 2845 quidem
765 2802 855 2831 esse
874 2794 981 2841 quod
1001 2794 1186 2832 homines
1206 2795 1339 2833 adhuc
1355 2804 1494 2841 poenas
1516 2793 1729 2841 patiantur,

113 2845 216 2884 quas
239 2845 309 2876 nro
329 2841 490 2879 peccato
511 2838 644 2877 divina
662 2840 862 2887 Scriptura
879 2841 1063 2880 inductas
1083 2850 1174 2881 esse
1192 2845 1492 2881 commemorat.
