1894 3223
120 96 190 132 280
721 90 809 125 LlB.
837 89 901 132 111,
929 87 1030 124 CAP.
1054 87 1143 123 XXI.

121 175 294 222 perfecta
331 172 488 210 bonitas
523 169 693 215 alicujus
731 173 921 206 creaturae
964 167 1154 215 majorem
1201 166 1535 213 multiplicitatem
1575 165 1742 214 requirit

122 225 270 270 quanto
291 220 420 266 magis
441 227 464 254 a
481 217 608 264 prima
626 215 803 254 bonitate
821 215 976 253 distans
996 215 1216 260 invenitur;
1239 214 1382 252 sivero
1394 214 1608 260 perfectam
1626 213 1742 252 boni-

121 273 240 307 tatem
267 275 348 303 non
369 264 495 311 possit
515 264 722 310 attingere,
739 262 1010 308 imperfectam
1027 261 1214 299 retinebit
1230 262 1273 298 in
1291 262 1445 308 paucis.
1479 261 1522 297 Et
1552 260 1644 298 inde
1680 263 1743 298 est

123 314 242 363 quod,
263 313 355 350 licet
374 312 544 358 primum
565 313 604 348 et
617 318 818 348 summum
833 309 983 347 bonum
999 309 1052 347 sit
1063 308 1228 346 omnino
1243 308 1411 354 simplex
1427 307 1742 354 substantiaeque

122 362 158 399 ei
179 361 410 406 propinquae
431 358 472 395 in
492 357 667 394 bonitate
688 357 770 394 sint
788 356 934 404 pariter
953 360 992 394 et
1010 360 1200 404 qnantum
1217 356 1265 393 ad
1279 354 1574 401 simplicitatem
1584 354 1742 400 vicinae,

122 408 268 445 infimae
289 410 420 443 tamen
441 404 675 443 substantiae
695 403 954 442 inveniuntur
971 403 1239 449 simpliciores
1258 402 1497 450 quibusdam
1525 401 1742 448 superiori-

121 456 198 492 bus
216 454 287 494 eis,
311 453 415 491 sicut
435 452 631 490 elementa
650 451 892 493 animalibus
909 455 948 488 et
966 450 1214 495 hominibus,
1237 449 1332 497 quia
1350 458 1432 487 non
1454 451 1627 495 possunt
1659 457 1745 495 per·

121 502 275 548 tingere
296 500 345 538 00
370 499 654 547 perfectionem
682 497 926 545 cognitionis
958 501 995 534 et
1027 497 1254 534 intellectus
1286 506 1405 544 quam
1439 499 1744 542 consequuntur

123 547 313 586 animatia
333 550 372 584 et
391 546 589 584 homines.
610 546 860 584 Manifestum
881 547 943 583 est
961 553 1056 592 ergo
1077 553 1125 582 ex
1143 544 1261 582 dictis
1280 544 1401 591 quod,
1422 543 1515 581 licet
1541 544 1659 586 Deus,
1680 551 1743 580 80-

123 596 297 633 cundum
317 603 434 632 suum
454 593 620 639 simplex
642 602 746 638 esse,
768 592 982 639 perfectam
1002 595 1041 628 et
1060 594 1183 628 totam
1203 600 1316 630 suam
1335 590 1554 628 bonitatem
1584 590 1743 634 habeat,

125 646 314 681 creaturae
335 645 467 678 tamen
488 641 535 678 ad
556 640 840 687 perfectionem
859 649 942 676 suae
962 638 1154 676 bonitatis
1171 646 1253 675 non
1272 638 1503 685 pertingunt
1519 646 1591 684 per
1611 637 1744 675 solum

124 699 242 728 suum
263 698 367 733 esse,
388 688 458 726 sed
480 697 550 734 per
568 687 695 735 plura.
718 687 839 731 Unde,
862 687 954 723 licet
970 685 1157 732 quaelibet
1175 693 1310 722 earum
1328 685 1381 722 sit
1409 686 1516 722 bona
1544 684 1586 721 in
1617 693 1743 731 quan-

122 741 206 774 tum
228 740 301 780 est,
321 745 402 773 non
425 739 557 774 tamen
576 737 707 782 potest
726 734 959 780 simpliciter
977 733 1081 770 bona
1099 731 1191 776 dici,
1214 732 1248 770 si
1280 732 1371 769 aliis
1408 734 1540 769 careat
1572 740 1661 778 quae
1694 730 1744 769 ad

124 785 254 831 ipsius
274 783 492 820 bonitatem
513 782 788 829 requiruntur;
811 781 915 818 sicut
935 781 1055 818 homo
1075 779 1157 827 qui,
1172 779 1315 816 virtute
1329 778 1540 825 spoliatus,
1556 777 1666 815 vitiis
1683 780 1746 814 est

125 832 330 879 subjectus
349 830 497 868 dicitnr
513 829 672 877 quidem
692 829 823 866 bonus
844 827 1063 865 secundum
1085 825 1194 873 quid,
1216 826 1370 864 scilicet
1395 825 1437 862 in
1473 828 1664 873 quantum
1684 827 1746 862 est

126 888 198 916 ens
220 883 258 915 et
277 879 317 915 in
338 880 532 925 quantum
552 879 613 914 est
633 877 766 920 homo,
789 884 869 912 non
904 878 1036 912 tamen
1066 873 1197 912 bonus
1227 872 1474 919 simpliciter,
1508 871 1580 910 sed
1615 871 1746 918 magis

125 926 269 963 100108.
293 927 379 962 Nou
417 924 540 971 igitur
575 923 736 960 cuilibet
757 926 1025 960 creaturarum
1045 921 1151 959 idem
1179 924 1241 957 est
1271 929 1364 957 esse
1401 922 1441 957 et
1477 918 1626 956 bonum
1655 927 1746 956 esse

126 973 372 1018 simpliciter,
393 971 485 1009 licet
498 970 685 1018 quaelibet
703 979 839 1007 earum
858 969 966 1007 bona
984 969 1036 1007 sit
1055 969 1097 1005 in
1116 971 1312 1019 quantum·
1328 969 1409 1012 est3
1430 968 1511 1004 Deo
1529 975 1623 1004 vero
1656 966 1749 1003 sim-

125 1020 282 1067 pliciter
301 1020 404 1056 idem
443 1022 504 1056 est
540 1026 629 1055 esse
650 1021 688 1054 et
704 1027 795 1054 esse
813 1017 961 1054 bonum
982 1015 1229 1062 simpliciter.
1250 1016 1290 1058 Si
1311 1017 1442 1052 autem
1476 1022 1541 1055 res
1562 1012 1748 1060 quaelibet

125 1067 252 1104 tendit
270 1067 311 1103 in
341 1066 484 1104 divinae
509 1065 700 1103 bonitatis
735 1064 1037 1102 similitudinem
1059 1063 1162 1101 sicut
1195 1062 1238 1099 in
1270 1061 1391 1099 finem
1411 1073 1423 1097 ε
1444 1060 1589 1098 divinae
1611 1063 1744 1097 autem

125 1114 293 1152 bonitati
315 1113 561 1151 assimilatur
580 1112 730 1158 aliquid
750 1115 938 1158 quantum
961 1111 1009 1147 ad
1023 1110 1156 1147 omnia
1168 1119 1256 1156 quae
1271 1109 1318 1146 ad
1331 1109 1530 1155 propriam
1549 1106 1747 1154 pertinent

125 1159 871 1205 110011010οη0001108001010101000
905 1159 1035 1196 solum
1068 1157 1109 1194 in
1133 1166 1223 1194 esse
1257 1165 1332 1193 suo
1367 1155 1567 1199 consistit,
1605 1153 1676 1192 sed
1704 1154 1744 1190 in

127 1208 315 1246 omnibus
333 1207 423 1245 aliis
442 1216 531 1254 quae
551 1205 600 1243 ad
621 1215 734 1243 suam
754 1205 1036 1251 perfectionem
1056 1204 1324 1251 requiruntur,
1356 1206 1401 1239 ut
1431 1206 1638 1240 ostensum
1671 1204 1744 1244 est,
1771 1204 1785 1216 ⁴

125 1255 384 1293 manifestum
417 1258 480 1292 est
512 1253 618 1301 quod
651 1261 715 1290 res
746 1252 952 1290 ordinatur
971 1251 1013 1289 in
1032 1253 1155 1288 Deum
1174 1250 1279 1288 sicut
1295 1250 1338 1288 in
1357 1249 1492 1294 finem,
1513 1257 1595 1286 non
1615 1247 1747 1286 solum

127 1302 348 1340 secundum
369 1310 458 1340 esse
481 1300 757 1344 substantiale,
779 1300 849 1337 sed
867 1299 984 1336 etiam
1005 1298 1225 1337 secundum
1239 1306 1288 1335 ea
1307 1306 1394 1344 quae
1405 1296 1441 1334 ei
1462 1295 1649 1334 accidunt
1664 1304 1749 1347 per-

127 1349 295 1393 tinentia
315 1348 364 1386 ad
384 1348 668 1395 perfectionem
689 1346 830 1393 ipsius,
852 1350 891 1384 et
911 1347 1029 1383 etiam
1060 1345 1282 1384 secundnm
1313 1343 1516 1391 propriam
1553 1345 1751 1390 operatio·

126 1394 234 1442 ne‘m,
255 1405 344 1444 quae
366 1396 484 1433 etiam
502 1395 673 1442 pertinet
692 1394 740 1431 ad
758 1393 1044 1441 perfectionem
1063 1392 1135 1431 rei.

792 1542 962 1584 CAPUT
988 1542 1095 1589 XXI.

248 1666 348 1700 onon
374 1665 446 1694 RES
471 1664 694 1711 10100011οὛ
717 1663 943 1692 ,0881100001
968 1662 1044 1692 nno
1069 1662 1111 1690 1Ν
1135 1661 1212 1691 noc
1238 1660 1339 1695 0001)
1366 1660 1464 1690 SUNT
1489 1659 1638 1689 CAUSAE.

177 1777 232 1812 Ex
248 1775 312 1812 his
334 1778 464 1812 autem
486 1776 646 1820 apparet
665 1772 772 1819 0000
792 1782 856 1809 res
876 1771 1086 1809 intendunt
1108 1770 1282 1809 divinam
1309 1769 1612 1808 similitudinem
1633 1767 1751 1806 etiam

128 1822 171 1860 in
192 1822 268 1859 hoc
288 1821 393 1868 quod
415 1824 509 1858 sunt
527 1829 659 1858 causae
679 1820 861 1856 aliorum.

177 1868 315 1905 Tendit
337 1869 441 1904 enim
460 1868 501 1904 in
524 1867 698 1904 divinam
720 1866 1023 1904 similitudinem
1033 1874 1098 1902 res
1110 1868 1240 1902 creata
1253 1873 1324 1910 per
1337 1873 1451 1901 suam
1464 1862 1750 1909 operationem.

130 1918 204 1954 Per
224 1925 337 1953 suam
356 1919 486 1952 antem
508 1914 779 1960 operationem
800 1922 879 1950 una
896 1921 960 1950 res
974 1912 1017 1949 fit
1035 1921 1158 1949 causa
1171 1911 1349 1949 alterius.
1372 1913 1472 1958 Ergo
1488 1911 1529 1947 in
1542 1910 1618 1947 boc
1632 1909 1752 1947 etiam

130 1973 194 2001 res
216 1962 428 2000 intendunt
448 1962 620 1999 divinam
643 1960 946 1998 similitudinem
965 1963 1009 1997 ut
1029 1959 1110 1997 sint
1129 1959 1221 1996 aliis
1240 1967 1386 1996 causae.

177 2011 321 2050 Adhuc,
349 2018 412 2046 res
434 2009 644 2044 intendunt
662 2008 703 2044 in
725 2007 898 2044 divinam
919 2006 1236 2050 similitudinem,
1256 2005 1298 2042 in
1333 2008 1525 2051 quantum
1558 2005 1662 2041 Deus
1692 2006 1754 2041 est

128 2058 275 2101 bonus,
296 2056 475 2103 utsupra
495 2056 640 2092 dictum
663 2058 722 2091 est
743 2053 791 2101 (0.
814 2054 888 2101 20).
910 2055 962 2091 Ex
980 2054 1156 2091 bonitate
1175 2056 1307 2090 autem
1333 2052 1403 2090 Dei
1434 2055 1497 2089 est
1527 2050 1634 2098 quod
1660 2050 1753 2088 aliis

131 2114 220 2142 esse
243 2104 426 2151 largitum
450 2102 760 2149 unumquodque
782 2102 887 2138 enim
909 2101 990 2146 agit
1018 2102 1058 2138 in
1086 2104 1276 2147 quantum
1305 2103 1368 2137 est
1397 2102 1487 2137 actu
1518 2097 1752 2144 perfectum.

130 2152 364 2190 Desiderant
382 2151 504 2198 igitur
521 2149 760 2198 generaliter
778 2158 842 2186 res
862 2149 904 2185 in
935 2149 1012 2186 hoc
1033 2150 1113 2185 Deo
1151 2146 1367 2185 assimilari
1399 2149 1443 2184 ut
1470 2145 1553 2183 sint
1582 2145 1754 2182 aliorum

130 2208 275 2236 causae.

176 2246 359 2291 Amplius,
387 2244 485 2282 ordo
506 2243 554 2281 ad
571 2243 723 2281 bonum
737 2242 832 2280 boni
853 2242 1046 2280 rationem
1067 2242 1198 2286 habet,
1217 2245 1260 2279 ut
1280 2251 1330 2279 ex
1356 2240 1475 2279 dictis
1509 2239 1560 2287 (0.
1593 2239 1654 2286 20)
1693 2242 1755 2277 est

129 2293 400 2331 manifestum.
423 2290 738 2338 Unumquodque
757 2293 889 2328 autem
909 2299 978 2336 per
997 2290 1073 2327 hoc
1092 2290 1199 2337 0000
1215 2292 1275 2327 est
1286 2297 1410 2327 causa
1422 2286 1588 2326 alterius
1599 2285 1755 2324 ordina·

129 2345 194 2378 tur
213 2340 261 2378 ad
274 2340 445 2385 bonum;
465 2338 617 2376 bonum
640 2341 771 2376 autem
792 2338 924 2375 solum
942 2346 1011 2384 per
1030 2346 1073 2374 se
1089 2336 1348 2384 cognoscitur
1366 2338 1406 2373 et
1433 2337 1647 2379 causatur-3
1673 2341 1755 2371 ma-

130 2389 212 2425 lum
234 2391 366 2424 autem
386 2396 457 2433 per
479 2385 665 2424 accidens
685 2388 852 2429 tantum,
874 2388 917 2422 ut
935 2387 1142 2422 ostensum
1163 2387 1224 2421 est
1244 2383 1293 2430 (0.
1312 2382 1386 2430 14).
1401 2384 1498 2420 Ε880
1515 2381 1638 2428 igitur
1657 2380 1754 2418 alio-

129 2444 216 2472 rum
235 2444 356 2472 00080
376 2437 437 2471 est
455 2432 619 2471 bonum.
641 2432 866 2470 Secundum
880 2435 1011 2469 autem
1033 2431 1236 2478 quodlibet
1249 2431 1400 2469 bonum
1415 2430 1464 2468 ad
1482 2427 1590 2476 quod
1611 2427 1751 2479 tendit,

130 2482 280 2529 aliquid
302 2480 472 2519 intendit
483 2480 657 2518 divinam
667 2479 1112 2526 similitudinem,quum
1128 2478 1333 2525 quodlibet
1345 2477 1496 2516 bonum
1507 2477 1684 2527 creatum
1699 2477 1753 2510 sit

131 2539 178 2565 ex
198 2528 498 2574 participatione
521 2527 662 2565 divinae
684 2527 887 2564 bonitatis.
909 2526 1122 2564 Intendunt
1136 2526 1258 2572 igitur
1277 2533 1341 2563 res
1362 2524 1536 2562 divinam
1562 2520 1751 2560 811011110-

132 2576 263 2612 dinem
286 2577 325 2612 in
348 2577 422 2612 boc
442 2575 545 2623 quod
566 2575 646 2612 sint
663 2575 831 2611 aliorum
852 2583 998 2611 causae.

151 2668 157 2674 .
178 2624 278 2666 Item,
302 2622 478 2668 ejusdem
500 2622 668 2660 rationis
691 2625 752 2659 est
772 2621 875 2668 quod
895 2620 1060 2658 effectus
1081 2620 1217 2657 tendat
1243 2619 1285 2657 in
1304 2616 1609 2657 similitudinem
1630 2623 1751 2660 agen-

131 2672 183 2705 tis
207 2670 360 2715 etquod
383 2678 507 2716 agens
527 2668 724 2706 assimilet
743 2668 819 2706 sibi
842 2667 1039 2705 effectum.
1065 2667 1204 2704 Tendit
1232 2665 1356 2714 igitur
1380 2662 1601 2702 effectusin
1626 2660 1748 2699 finem

135 2715 173 2752 in
195 2725 309 2762 00001
333 2716 515 2762 dirigitur
528 2716 576 2753 ab
591 2720 746 2762 agente.
763 2719 894 2763 Agens
910 2719 1038 2752 autem
1057 2714 1226 2752 intendit
1241 2713 1317 2751 sibi
1335 2709 1558 2749 assimilare
1578 2708 1747 2761 patiens.

133 2771 213 2815 non
236 2762 364 2814 solum
382 2767 571 2808 quantum
592 2763 639 2800 00
657 2772 747 2800 0880
768 2763 909 2809 ipsius,
933 2763 1001 2800 sed
1024 2762 1142 2799 etiam
1169 2757 1430 2810 quantumad
1450 2756 1748 2801 causalitatem3

133 2812 358 2846 sicutenim
380 2809 428 2845 ab
449 2813 588 2854 agente
609 2810 868 2846 conferuntur
887 2809 1043 2846 effectui
1066 2807 1233 2845 naturali
1255 2804 1450 2852 prineipia
1468 2812 1636 2850 perquae
1656 2802 1750 2839 sub-

132 2856 253 2902 sistit,
274 2856 328 2893 ita
350 2856 545 2902 principia
565 2866 633 2903 per
653 2866 740 2904 quae
760 2857 926 2894 aliorum
950 2856 1002 2894 sit
1022 2864 1163 2900 causa3
1192 2854 1297 2892 sicut
1324 2851 1430 2890 enim
1459 2850 1621 2896 animal,
1655 2850 1750 2888 dum
