1894 3223
163 141 233 178 250
738 134 827 170 LIB.
854 133 902 177 ΙΙ,
929 133 1031 170 CAP.
1056 131 1193 170 XCVII.

165 229 252 269 quae
273 220 366 255 sunt
385 216 427 253 in
450 214 614 262 organis
632 213 850 259 corporeis.
867 212 1104 251 substantiae
1123 213 1246 261 igitur
1262 215 1452 260 separatae
1473 220 1556 250 non
1587 211 1788 260 accipiunt

165 265 436 313 cognitionem
455 272 502 298 ex
519 259 795 299 sensibilibus.

211 312 355 354 Adhzw,
377 309 481 346 sicut
500 307 665 345 materia
682 307 811 353 prima
833 309 894 344 est
912 306 1094 344 infimum
1113 306 1157 343 in
1192 306 1332 344 ordine
1363 315 1495 343 rerum
1534 305 1788 345 sensibilium

165 362 204 396 et
222 366 291 404 per
310 357 385 394 hoc
404 358 464 392 est
483 355 524 391 in
543 355 719 401 potentia
738 357 891 391 tantum
912 353 961 390 ad
979 363 1119 391 omnes
1138 353 1288 391 formas
1324 352 1553 397 sensibiles,
1585 352 1640 390 ita
1671 352 1788 391 intel·

163 406 291 443 lectus
306 401 526 449 possibilis,
548 401 712 438 infirnus
730 401 773 437 in
793 400 931 437 ordine
951 400 1264 453 intelligibilium
1287 399 1501 443 exsistens,
1517 399 1633 437 estin
1649 403 1790 445 poten·

164 452 221 488 tia
240 450 288 487 ad
306 449 442 486 omnia
462 448 745 495 intelligibilia,
769 450 812 484 ut
831 457 878 484 ex
897 448 1117 493 praemiSSIS
1137 447 1186 494 (e.
1208 447 1266 494 59)
1287 450 1406 494 patet.
1428 446 1501 484 Sed
1523 456 1570 484 ea
1587 455 1674 493 quae
1696 448 1792 484 sunt

165 498 208 534 in
247 496 386 534 ordine
420 495 675 533 sensibilium
712 504 832 540 supra
867 496 1072 531 materiam
1105 494 1287 540 primam,
1320 493 1466 531 habent
1495 493 1533 530 in
1564 497 1655 530 actu
1675 501 1791 531 suam

161 544 335 582 ..formam
351 552 422 589 per
441 551 559 589 quam
579 541 877 578 constituuntur
892 541 930 576 in
948 550 1037 578 esse
1058 541 1254 579 sensibili.
1274 540 1511 578 Substantiae
1533 540 1655 587 igitur
1676 549 1791 586 sepa-

165 594 275 635 ratae,
296 599 384 637 quae
411 593 505 627 sunt
533 589 574 625 in
607 588 746 625 ordine
775 587 1088 633 intelligibilium
1127 596 1247 632 supra
1284 587 1526 624 intellectum
1554 586 1791 632 possibilem

165 637 401 681 humanum,
417 639 511 673 sunt
524 639 614 673 actu
629 634 672 673 in
691 643 781 672 esse
798 634 1038 681 intelligibili
1051 646 1060 679 ;
1080 634 1304 672 intellectus
1318 634 1423 671 enim
1439 634 1639 679 accipiens
1652 633 1790 680 cogni·

166 684 317 721 tionem
336 693 360 721 a
379 683 654 727 sensibilibus,
672 691 754 719 non
773 685 833 719 est
852 685 942 718 actu
969 682 1010 718 in
1031 690 1121 719 esse
1138 680 1395 728 intelligibili,
1422 681 1491 719 sed
1524 682 1565 717 in
1597 680 1789 727 potentia.

169 730 399 769 Substantia
414 730 538 776 igitur
557 732 739 776 separata
757 738 838 766 non
860 728 1002 774 accipit
1023 728 1293 775 cognitionem
1313 737 1338 765 a
1355 727 1630 765 sensibilibus.

215 777 362 819 Adhuc,
384 776 574 823 perfectio
596 779 746 813 naturae
768 775 988 821 superioris
1018 784 1100 812 non
1130 774 1325 821 dependet
1358 783 1382 812 a
1417 778 1560 811 natura
1595 773 1791 811 inferiori.

168 825 364 862 Persectio
385 827 516 860 autem
537 823 772 861 substantiae
793 826 998 868 separatae,
1019 831 1141 869 quum
1161 823 1214 859 sit
1229 821 1525 865 intellectualis,
1546 820 1663 858 estin
1677 819 1795 858 intel-

167 871 345 918 ligendo.
368 873 510 907 Earum
528 870 651 917 igitur
669 869 892 915 intelligere
913 878 994 906 non
1014 868 1209 916 dependet
1234 878 1259 907 a
1288 868 1408 907 rebus
1439 867 1701 906 sensibilibus
1734 865 1794 906 sic·

168 918 276 966 quod
297 918 346 955 ab
364 918 423 954 eis
442 917 712 964 cognitionem
732 917 940 963 accipiant.

218 967 329 1003 Patet
347 968 478 1002 autem
499 974 546 1001 ex
566 964 642 1002 boc
659 963 779 1011 quod,
797 963 839 1001 in
860 963 1097 1001 substantiis
1122 962 1332 1009 separatis,
1356 971 1438 1000 non
1470 966 1531 1000 est
1564 961 1793 1000 intellectus

168 1020 296 1060 agens
316 1014 355 1049 et
372 1011 593 1059 possibilis,
634 1011 712 1048 nisi
746 1011 846 1048 forte
875 1011 1089 1057 aequivoce.
1121 1010 1351 1048 Intellectus
1377 1009 1484 1047 enim
1516 1009 1724 1056 possibilis
1755 1011 1796 1046 et

168 1068 296 1107 agens
335 1059 379 1096 in
420 1058 555 1096 anima
594 1057 837 1096 intellectiva
875 1058 1133 1095 inveniuntur
1151 1085 1160 1102 ,
1198 1060 1359 1103 propter
1394 1057 1470 1094 hoc
1505 1056 1611 1104 quod
1650 1055 1795 1102 accipit

171 1105 445 1153 cognitionem
464 1105 744 1143 intellectivam
766 1114 789 1142 a
810 1105 1093 1149 sensibilibus;
1111 1104 1442 1141 namintellectus
1476 1112 1600 1150 agens
1635 1106 1696 1140 est
1723 1102 1792 1149 qui

170 1153 267 1191 facit
303 1152 457 1199 species
474 1180 484 1197 ,
523 1162 547 1190 a
581 1152 842 1190 sensibilibus
880 1155 1076 1197 acceptas,
1114 1160 1204 1188 esse
1240 1150 1533 1198 intelligibiles3
1567 1150 1793 1188 intellectus

173 1203 307 1238 autern
330 1199 537 1246 possibilis
557 1203 618 1236 est
638 1200 678 1235 in
701 1198 878 1246 potentia
897 1199 946 1236 ad
965 1207 1104 1235 omnes
1134 1198 1283 1235 formas
1313 1197 1618 1249 sensibibilium,
1637 1205 1793 1243 cogno-

172 1247 355 1284 scendas.
379 1247 507 1291 Quum
524 1246 646 1293 igitur
665 1245 898 1283 substantiae
919 1248 1110 1291 separatae
1130 1254 1212 1282 non
1241 1244 1438 1290 accipiant
1470 1244 1742 1290 cognitionem
1769 1252 1795 1281 a

174 1293 450 1334 sensibilibus,
474 1302 555 1330 non
576 1296 636 1330 est
655 1293 696 1329 in
717 1293 776 1330 eis
795 1292 1021 1330 intellectus
1037 1301 1160 1339 agens
1172 1295 1209 1329 et
1223 1291 1445 1338 possibilis.
1460 1291 1568 1329 Unde
1583 1294 1619 1328 et
1643 1290 1794 1328 Aristo-

172 1340 272 1377 teles
303 1340 367 1387 (De
387 1342 523 1384 anima,
544 1349 603 1384 111,
622 1344 714 1377 text.
738 1349 882 1377 comm.
907 1340 977 1386 17),
1000 1339 1243 1378 intellectum
1275 1338 1509 1386 possibilem
1539 1341 1578 1375 et
1610 1340 1793 1385 agentem

172 1387 383 1431 inducens,
407 1386 505 1423 dicit
524 1396 594 1423 eos
612 1386 653 1423 in
674 1386 807 1425 anima
827 1390 1008 1432 oportere
1028 1386 1137 1432 poni.

222 1436 317 1470 Item
338 1433 596 1470 manifestum
617 1436 690 1476 est,
710 1433 751 1470 in
772 1434 937 1477 eisdem,
978 1433 1083 1480 quod
1117 1431 1258 1469 localis
1297 1431 1486 1469 distantia
1521 1431 1794 1478 cognitionem

174 1480 318 1518 animae
335 1483 526 1526 separatae
546 1480 737 1526 impedire
757 1489 838 1517 non
855 1484 998 1526 potest.
1022 1479 1175 1516 Localis
1190 1479 1296 1516 enim
1321 1479 1510 1516 distantia
1527 1488 1598 1525 per
1622 1487 1665 1515 se
1686 1487 1794 1516 com-

178 1530 335 1567 naratur
354 1527 403 1564 ad
424 1536 601 1572 sensum,
623 1536 704 1564 non
721 1531 852 1564 autem
877 1527 925 1564 ad
943 1526 1204 1571 intellectum,
1219 1525 1298 1563 nisi
1314 1535 1384 1572 per
1395 1525 1594 1569 accidens,
1614 1525 1655 1562 in
1670 1534 1795 1572 quan·

174 1578 258 1611 tum
279 1584 301 1611 a
321 1583 444 1611 sensu
459 1574 623 1620 accipit3
645 1583 735 1611 nam
758 1574 967 1611 sensibilia
986 1573 1207 1611 secundum
1238 1573 1540 1610 determinatam
1561 1572 1793 1610 distantiam

174 1625 335 1658 movent
354 1630 538 1665 sensum;
559 1621 829 1668 intelligibilia
845 1625 976 1658 autem
997 1625 1101 1666 actu,
1123 1620 1343 1658 secundum
1363 1620 1469 1667 quod
1488 1623 1648 1657 movent
1679 1619 1796 1657 intel·

175 1668 336 1713 lectum,
358 1677 439 1705 non
459 1672 554 1705 sunt
572 1668 614 1705 in
634 1668 737 1712 loco,
761 1678 881 1715 quum
904 1668 984 1705 sint
1004 1678 1027 1705 a
1045 1668 1212 1705 materia
1230 1667 1426 1713 corporali
1448 1671 1643 1713 separata.
1666 1667 1796 1711 Quum

175 1715 298 1761 igitur
317 1715 549 1753 substantiae
570 1719 760 1761 separatae
781 1725 862 1752 non
882 1714 1369 1761 accipiantintellectivam
1384 1715 1653 1761 cognitionem
1669 1723 1691 1751 a
1705 1722 1796 1752 sen·

176 1762 375 1807 sibilibus‚
397 1763 439 1798 in
460 1772 597 1799 eorum
615 1763 885 1808 cognitionem
910 1763 1098 1799 distantia
1117 1762 1257 1799 localis
1277 1761 1379 1798 nihil
1399 1765 1598 1808 operatur.

223 1809 357 1846 Palam
378 1813 438 1846 est
457 1810 575 1846 etiam
594 1809 700 1857 quod
719 1810 976 1846 intellectuali
1002 1809 1222 1854 operationi
1259 1817 1397 1846 eorum
1435 1817 1516 1845 non
1553 1808 1796 1846 admiscetur

174 1859 346 1902 tempus.
368 1856 477 1893 Sicut
496 1856 602 1893 enim
621 1856 891 1902 intelligibilia
911 1860 1000 1893 actu
1018 1859 1112 1893 sunt
1129 1855 1279 1901 absque
1314 1855 1417 1899 loco,
1457 1855 1511 1892 ita
1545 1855 1663 1892 etiam
1702 1857 1798 1893 sunt

176 1902 327 1949 absque
344 1906 539 1948 tempore;
570 1912 661 1940 nam
694 1906 850 1948 tempus
880 1903 1138 1950 consequitur
1168 1905 1320 1939 motum
1353 1901 1535 1944 localem,
1570 1902 1675 1939 unde
1713 1910 1797 1939 non

175 1953 381 1986 mensurat
401 1950 480 1986 nisi
500 1959 547 1986 ea
565 1960 652 1996 quae
667 1949 892 1997 aliqualiter
911 1953 1005 1987 sunt
1028 1949 1069 1986 in
1099 1949 1201 1986 loco.
1237 1951 1281 1985 Et
1309 1948 1399 1986 ideo
1430 1948 1652 1995 intelligere
1683 1948 1798 1986 subs·

175 1997 309 2033 tantiae
331 2000 522 2041 separatae
542 2000 603 2033 est
624 2006 745 2042 supra
762 2000 933 2044 tempus.
954 1996 1180 2042 Operationi
1203 2000 1335 2033 autem
1355 1996 1613 2032 intellectuali
1646 1999 1796 2034 nostrae

177 2042 331 2088 adjacet
350 2046 520 2089 tempus,
553 2053 601 2080 ex
620 2053 668 2080 eo
686 2043 793 2089 quod
813 2053 836 2081 a
869 2043 1215 2090 phantasmatibus
1252 2043 1524 2089 cognitionem
1559 2042 1796 2088 accipimus,

177 2098 270 2142 quae·
285 2089 588 2141 determinatum
608 2091 826 2136 respiciunt
844 2093 1020 2137 tempus;
1040 2094 1079 2128 et
1100 2090 1193 2128 inde
1210 2093 1272 2128 est
1297 2089 1417 2137 quod,
1439 2090 1482 2127 in
1502 2089 1798 2146 compositione

177 2140 216 2172 et
235 2136 443 2177 divisione,
465 2146 620 2183 semper
641 2137 1015 2175 nosterintellectus
1048 2136 1229 2184 adjungit
1265 2140 1423 2183 tempus
1453 2138 1696 2184 praeteritum
1734 2136 1798 2173 vel

176 2183 367 2228 futurum,
390 2192 467 2220 non
491 2187 622 2221 autem
642 2184 901 2231 intelligendo
918 2185 1011 2230 quod
1026 2185 1115 2231 quid
1138 2188 1209 2228 θείς
1247 2183 1435 2231 intelligit
1453 2184 1559 2221 enim
1587 2184 1682 2230 quod
1707 2182 1799 2229 quid

177 2233 229 2266 est
248 2230 513 2268 abstrahendo
533 2230 802 2277 intelligibilia
816 2241 839 2268 a
853 2231 1090 2269 sensibilum
1109 2230 1407 2269 conditionibus
1418 2243 1428 2276 ;
1441 2231 1562 2274 unde,
1576 2231 1798 2268 secundum

176 2276 287 2329 illam
308 2278 593 2323 operationem,
613 2287 742 2325 neque
764 2278 838 2316 sub
857 2281 1035 2325 tempore
1055 2288 1184 2327 neque
1205 2278 1279 2316 sub
1302 2277 1435 2326 aliqua
1455 2278 1684 2316 conditione
1706 2286 1799 2316 sen·

175 2323 355 2376 sibilium
374 2333 505 2362 rerum
522 2324 773 2371 intelligibile
803 2325 1124 2371 comprehendit3
1164 2324 1367 2372 componit
1396 2328 1528 2362 autem
1565 2329 1633 2362 aut
1661 2324 1801 2362 dividit

176 2370 414 2417 applicando
434 2371 559 2410 intelli
592 2372 703 2409 ibilia
723 2372 833 2418 prius
869 2373 1067 2411 abstracta
1098 2372 1147 2411 ad
1178 2381 1256 2417 res,
1287 2375 1325 2409 et
1351 2371 1392 2409 in
1424 2372 1498 2410 hac
1535 2371 1799 2420 applicatione

176 2426 344 2458 necesse
359 2421 420 2457 est
440 2419 570 2458 cointe
591 2419 660 2466 ligi
679 2423 850 2467 tempus.
869 2419 899 2466 (I
915 2422 1032 2466 part„
1053 2429 1107 2467 q.‚
1127 2427 1191 2464 ΙΝ,
1210 2422 1282 2457 art.
1303 2418 1356 2466 2.)

288 2517 311 2540 Ο

805 2565 974 2606 CAPUT
1012 2565 1169 2607 XCVII.

272 2682 371 2716 QUOD
396 2683 652 2716 INTELLEGTUS
677 2684 927 2715 SUBSTANTIAE
947 2687 1158 2716 SEPARATAE
1176 2686 1326 2716 SEMPER
1349 2686 1451 2716 AGTU
1467 2685 1698 2716 INTELLIGIT.

177 2790 524 2884 ingilrhlgffilgulffinla
541 2798 702 2840 apparet
720 2794 827 2842 quod
846 2794 1073 2833 intellectus
1094 2794 1327 2832 substantiae
1348 2797 1538 2839 separatae
1559 2798 1618 2831 est
1637 2804 1795 2841 semper

225 2884 337 2928 Quod
361 2884 466 2922 enim
487 2889 547 2922 est
566 2887 803 2937 quand-oque
824 2889 863 2925 in
889 2892 977 2926 actu
1011 2888 1248 2936 quandoque
1267 2887 1309 2925 in
1327 2887 1516 2935 potentia,
1541 2893 1796 2928 mensuratur
