1894 3223
148 142 217 177 238
713 133 800 167 LIB.
830 132 874 171 11,
903 131 1005 167 CAP.
1032 130 1202 166 LXXXIX.

149 217 392 264 embryonis,
412 214 564 251 ratione
577 212 735 249 virtutis
750 211 986 258 generativae
1003 223 1012 248 :
1033 214 1116 248 tum
1134 211 1228 258 quia
1241 211 1301 248 vis
1313 211 1540 258 generativa
1556 220 1636 248 non
1651 211 1770 250 habet

153 275 266 304 suam
299 262 568 307 operationem
603 259 683 296 nisi
715 258 912 304 completo
933 267 1051 304 opere
1072 258 1269 295 nutritivae
1291 262 1330 295 et
1347 258 1651 305 augmentativae
1681 268 1771 306 (μω

150 313 185 350 ei
218 309 458 347 deserviunt,
494 315 616 353 quum
649 314 839 353 generare
867 305 920 342 sit
949 305 1030 352 jam
1051 305 1241 351 perfecti;
1264 308 1347 342 tum
1368 306 1461 352 quia
1481 314 1583 351 opus
1603 315 1770 352 genera-

148 359 237 396 tivfe.
260 365 340 393 non
360 354 566 391 ordinatur
584 352 634 390 ad
655 352 936 398 perteetionem
959 352 1088 397 ipsius
1108 352 1316 396 individui,
1336 352 1406 389 sed
1436 352 1483 389 ad
1505 352 1653 398 speciei
1674 361 1769 390 con·

150 404 428 442 servationem.
459 403 536 437 Nec
563 399 681 436 etiam
715 403 845 445 potest
878 399 1037 436 attribui
1058 399 1190 436 virtuti
1211 399 1422 443 nutritivae,
1451 399 1565 446 quus
1587 408 1688 445 opus
1709 403 1774 437 est

150 450 372 488 assimilare
394 448 682 484 nutrimentum
702 447 865 491 nutrito,
885 446 990 493 quod
1011 446 1076 483 hic
1097 455 1175 482 non
1198 450 1384 491 apparet3
1405 455 1485 483 non
1517 446 1623 482 eniin
1644 446 1770 483 nutri-

149 502 325 534 mentum
357 496 395 531 in
419 502 610 541 processu
644 493 895 530 formationis
914 493 1084 530 trahitur
1113 493 1154 529 in
1181 493 1484 530 similitudinem
1515 494 1771 539 praeexisten-

149 546 215 589 tis,
247 543 315 580 sed
349 540 582 588 producitur
615 540 664 577 ad
694 540 970 586 perfectiorem
1002 539 1168 577 formam
1202 543 1240 576 et
1259 540 1492 577 viciniorem
1514 540 1769 577 similitudini

150 590 288 638 patris.
312 588 503 626 Similiter
521 596 596 625 nec
615 587 932 634 augmentativae,
949 587 996 623 ad
1017 595 1135 633 quam
1157 595 1237 623 non
1257 587 1425 633 pertinet
1442 588 1610 625 mutatio
1631 596 1773 624 secun-

151 639 243 674 dum
275 637 457 680 sormam,
492 634 563 672 sed
595 634 726 671 solum
761 633 979 670 secundum
1000 633 1274 679 quantitatem.
1295 635 1349 670 De
1369 635 1561 671 sensitiva
1582 638 1711 671 autem
1734 638 1772 670 et

150 683 391 721 intellectiva
422 684 529 728 patet
557 681 663 728 quod
697 690 777 717 non
809 681 955 717 liabent
985 680 1145 727 aliquod
1181 689 1281 726 opus
1299 681 1526 718 formationi
1545 682 1613 718 tali
1635 689 1773 727 appro-

149 728 606 777 priatum.ssRelinquitur
625 728 747 775 igitur
767 728 871 774 quod
890 727 1073 764 formatio
1087 727 1279 773 corporis,
1300 727 1496 773 praecipue
1515 732 1702 774 quantum
1722 727 1772 764 ad

150 778 300 824 primas
330 781 368 813 et
395 775 636 822 principales
666 778 810 821 partes,
835 783 916 811 non
937 778 996 811 est
1014 774 1062 810 ab
1082 774 1216 810 anima
1232 774 1379 820 genita,
1401 784 1474 811 nec
1494 784 1517 811 a
1535 775 1678 811 virtute
1697 775 1773 811 for·

152 825 297 862 mativa
334 826 474 870 agente
507 832 553 859 ex
573 822 610 858 vi
629 821 728 868 eJus‚
751 822 819 858 sed
841 825 982 867 agente
1008 831 1053 858 ex
1073 821 1110 857 vi
1132 821 1274 858 animae
1295 821 1531 867 generativae
1549 822 1687 867 patris,
1709 831 1774 858 cu-

147 871 214 919 J‘us
247 879 347 917 opus
375 873 433 907 est
472 869 600 906 facere
635 869 766 906 simile
786 869 991 915 generanti
1013 868 1230 905 secundum
1253 868 1440 913 speciem.
1465 869 1553 905 Haec
1570 868 1692 914 igitur
1708 868 1770 905 vis

151 918 359 956 formativa
382 916 518 954 eadem
540 920 670 953 manet
692 916 730 952 in
751 916 889 962 spiritu
911 915 1111 961 praedicto,
1128 925 1151 952 a
1168 915 1363 961 principio
1382 915 1631 953 formationis
1646 916 1775 962 usque

150 966 194 1002 in
226 964 372 1009 finem;
403 964 556 1010 specics
590 968 723 1000 tamen
752 963 910 1000 formati
938 971 1018 1000 non
1049 966 1182 999 manet
1202 962 1367 1007 eadem3
1398 971 1490 999 nam
1511 963 1639 1008 primo
1656 963 1774 999 habet

152 1013 321 1050 formam
357 1011 537 1055 seminis,
571 1014 711 1056 postea
744 1010 968 1056 sanguinis,
994 1012 1032 1046 et
1052 1010 1110 1046 sic
1128 1009 1220 1046 inde
1240 1018 1448 1056 quousque
1468 1010 1600 1046 veniat
1618 1009 1665 1046 ad
1688 1009 1775 1046 ulti-

153 1068 263 1096 mum
295 1059 642 1104 complementum.
671 1057 775 1094 Licet
808 1058 912 1093 enim
948 1057 1151 1103 generatio
1185 1056 1426 1102 simplicium
1459 1065 1669 1102 corporum
1692 1065 1772 1093 non

154 1106 344 1153 procedat
372 1105 591 1142 secundum
627 1104 823 1148 ordinem,
858 1113 904 1140 eo
934 1103 1036 1149 quod
1072 1103 1275 1150 quodlibet
1304 1112 1439 1140 eorum
1471 1103 1772 1140 liabetformam

157 1153 427 1190 immediatam
460 1152 636 1189 materiae
668 1151 819 1197 primae,
852 1151 893 1186 in
927 1151 1181 1196 generatione
1209 1154 1340 1187 tamen
1363 1159 1571 1196 corporum
1603 1150 1772 1187 aliorum

159 1203 312 1246 oportet
344 1208 434 1236 esse
462 1198 765 1245 generationum
787 1197 981 1242 ordinem,
1005 1202 1163 1243 propter
1183 1197 1329 1233 multas
1348 1197 1496 1234 formas
1517 1197 1774 1234 intermedias

153 1247 256 1284 inter
287 1246 452 1292 primam
482 1246 649 1282 sormam
688 1245 869 1281 elementi
905 1248 942 1280 et
962 1245 1141 1280 ultimam
1164 1245 1330 1281 sormam
1351 1244 1399 1280 ad
1420 1254 1536 1290 quam
1569 1244 1773 1290 generatio

156 1294 388 1338 ordinatur3
419 1295 457 1329 et
476 1292 566 1329 ideo
599 1296 692 1329 sunt
715 1292 848 1329 multae
881 1292 1158 1337 generationes
1177 1295 1214 1328 et
1233 1291 1508 1337 corruptiones
1529 1301 1617 1329 sese
1639 1300 1776 1328 cense-

184 1344 336 1377 tientes.

155 1350 179 1388 q
203 1389 290 1423 Nec·
311 1390 372 1422 est
403 1384 691 1422 inconveniens
727 1384 761 1422 si
793 1385 943 1431 aliquid
976 1385 1300 1421 intermediorum
1325 1388 1548 1431 generatur,
1572 1387 1610 1421 et
1640 1385 1773 1421 statim

155 1433 415 1480 postmodum
435 1432 750 1477 interrumpitur,
771 1431 864 1477 quia
885 1432 1120 1468 intermedia
1140 1441 1219 1468 non
1241 1431 1388 1468 habent
1407 1431 1580 1477 speciem
1600 1432 1773 1477 comple-

152 1484 252 1525 tam,
275 1479 344 1517 sed
366 1483 459 1516 sunt
478 1483 520 1516 ut
539 1479 602 1515 via
627 1478 674 1514 ad
697 1478 868 1523 speciem
887 1490 895 1522 ;
919 1482 955 1514 et
974 1478 1062 1515 ideo
1082 1488 1160 1515 non
1184 1482 1423 1524 generantur
1442 1481 1484 1514 ut
1503 1482 1775 1523 permaneant,

154 1526 225 1564 sed
249 1529 293 1563 ut
320 1536 390 1572 per
410 1535 456 1562 ea
480 1526 527 1562 ad
549 1525 730 1562 ultimum
753 1528 981 1571 generatum
1011 1525 1273 1571 perveniatur.
1298 1527 1375 1562 Nec
1397 1529 1456 1562 est
1474 1526 1618 1561 mirum
1640 1525 1673 1562 si
1695 1528 1776 1563 tota

157 1572 430 1620 generationis
451 1573 731 1610 transmutatio
747 1581 827 1609 non
847 1575 906 1608 est
926 1573 1128 1616 continua,
1146 1572 1214 1609 sed
1230 1575 1322 1608 sunt
1343 1572 1476 1609 multae
1497 1572 1775 1618 generationes

155 1620 415 1665 intermediae,
438 1620 532 1666 quia
552 1620 628 1657 hoc
648 1620 763 1656 etiam
787 1619 930 1656 accidit
946 1620 985 1655 in
1005 1620 1236 1657 alteratione
1257 1622 1294 1655 et
1313 1623 1554 1666 augmento;
1575 1628 1654 1656 non
1668 1619 1774 1656 enim

156 1671 215 1705 est
243 1671 325 1704 tota
359 1667 537 1704 alteratio
567 1667 758 1703 continua
790 1675 917 1713 neque
948 1670 1072 1704 totum
1105 1670 1376 1713 augmentum,
1400 1666 1469 1703 sed
1489 1666 1621 1703 solum
1642 1671 1776 1704 motus

155 1715 297 1752 localis
329 1718 389 1751 est
419 1724 509 1750 vere
541 1714 770 1757 continuus,
794 1717 837 1750 ut
855 1717 959 1760 patet
992 1714 1032 1750 in
1053 1717 1191 1750 octavo
1210 1714 1457 1758 physicorum.
1480 1714 1634 1758 Quanto
1654 1713 1778 1760 igitur

156 1761 290 1808 aliqua
324 1762 451 1798 forma
471 1764 531 1798 est
551 1761 724 1798 nobilior
744 1765 780 1797 et
797 1761 926 1805 magis
949 1761 1103 1798 distans
1120 1771 1142 1798 a
1163 1761 1290 1797 forma
1309 1760 1507 1807 elementi,
1528 1764 1638 1797 tanto
1658 1769 1774 1806 opor-

155 1812 209 1844 tet
232 1817 320 1845 esse
341 1809 475 1854 plures
496 1808 645 1845 formas
666 1808 922 1844 intermedias
944 1807 1089 1854 quibus
1110 1807 1302 1854 gradatim
1324 1807 1373 1844 ad
1399 1808 1566 1844 formam
1595 1807 1774 1844 ultimam

154 1855 353 1899 veniatur,
373 1859 410 1891 et
430 1864 499 1900 per
517 1863 770 1901 consequens
790 1855 924 1900 plures
944 1856 1222 1901 generationes
1241 1854 1416 1898 medias;
1439 1858 1475 1890 et
1491 1854 1579 1890 ideo
1597 1854 1637 1890 in
1655 1863 1773 1900 gene-

155 1901 310 1938 ratione
329 1901 514 1938 animalis
549 1905 587 1938 et
624 1901 814 1945 hominis,
836 1901 876 1937 in
915 1901 1060 1948 quibus
1093 1905 1152 1938 est
1185 1901 1312 1938 forma
1345 1900 1648 1947 perfectissima,
1681 1903 1777 1937 sunt

154 1948 337 1994 plurimae
359 1949 494 1985 formae
523 1952 561 1984 et
595 1948 872 1994 generationes
904 1947 1162 1992 intermediae,
1185 1950 1222 1984 et
1250 1957 1320 1994 per
1340 1956 1591 1994 consequens
1613 1956 1773 1993 corrup·

102 2033 104 2036 ,
156 1995 302 2040 tiones,
322 1995 415 2042 quia
445 1996 647 2042 generatio
678 1997 798 2032 unius
820 1998 880 2032 est
897 1995 1097 2041 corruptio
1119 1994 1296 2032 alterius.
1316 1995 1459 2031 Anima
1479 1994 1601 2040 igitur
1618 1999 1773 2041 vegeta-

154 2041 262 2086 bilis,
284 2052 371 2088 quae
400 2043 528 2088 primo
559 2042 665 2078 inest
697 2051 818 2088 quum
850 2041 1010 2089 embryo
1046 2042 1140 2078 vivit
1158 2042 1238 2079 vita
1256 2042 1415 2088 plantae,
1437 2041 1715 2087 corrumpitur,
1737 2044 1778 2078 et

156 2089 334 2125 succedit
366 2089 500 2125 anima
529 2088 741 2134 perfectior
773 2098 862 2135 quae
894 2093 953 2125 est
982 2089 1170 2125 nutritiva
1189 2093 1226 2125 et
1245 2089 1437 2126 sensitiva
1466 2088 1601 2133 simul,
1624 2092 1659 2124 et
1681 2092 1774 2126 tunc

156 2135 318 2183 embryo
339 2135 433 2172 vivit
452 2136 531 2172 vita
551 2136 736 2172 animalis
755 2147 764 2179 ;
786 2136 860 2173 hac
881 2140 1011 2172 autem
1034 2140 1231 2182 corrupta,
1254 2136 1432 2173 succedit
1452 2136 1584 2172 anima
1606 2135 1777 2173 rationa-

155 2182 207 2219 lis
223 2182 269 2219 ab
291 2183 514 2219 extrinseco
536 2181 730 2223 immissa,
753 2183 844 2219 iicet
865 2183 1131 2229 praecedentes
1153 2183 1298 2220 suerint
1316 2183 1457 2219 virtute
1473 2182 1654 2219 seminis.

204 2230 271 2266 His
292 2230 415 2275 igitur
434 2229 532 2267 visis
552 2230 666 2266 facile
688 2234 747 2266 est
764 2230 1003 2276 respondere
1023 2230 1071 2267 ad
1092 2229 1258 2276 obJecta.

204 2277 315 2320 Quod
337 2277 440 2314 enim
462 2277 589 2323 primo
611 2277 808 2323 objicitur,
831 2280 1011 2323 oportere
1041 2278 1214 2314 animam
1236 2276 1466 2314 sensitivam
1487 2276 1668 2314 eumdem
1689 2285 1774 2314 mo-

156 2322 249 2375 dum
273 2323 441 2371 originis
460 2325 502 2360 in
522 2324 683 2361 homine
710 2327 747 2361 et
777 2324 816 2360 in
849 2324 977 2361 brutis
997 2324 1156 2369 habere,
1178 2334 1225 2361 ex
1262 2332 1310 2361 eo
1339 2324 1445 2370 quod
1480 2323 1627 2360 animal
1647 2323 1695 2360 de
1715 2323 1776 2361 eis

155 2378 324 2407 univoce
346 2371 594 2417 praedicatur,
616 2371 786 2408 dicimus
802 2371 876 2408 hoc
898 2372 1168 2408 necessarium
1190 2380 1270 2408 non
1290 2379 1393 2408 esse.
1416 2371 1496 2408 Etsi
1518 2371 1623 2408 enim
1642 2371 1775 2407 anima

155 2418 349 2454 sensitiva
371 2418 414 2455 in
446 2418 608 2455 homine
632 2421 670 2455 et
706 2418 821 2455 bruto
852 2419 1091 2455 conveniant
1122 2418 1342 2456 secundum
1372 2418 1532 2465 generis
1563 2417 1772 2460 rationem,

156 2462 344 2501 differunt
362 2468 495 2502 tamen
516 2465 662 2511 specie,
685 2465 786 2502 sicut
806 2468 844 2501 et
863 2474 909 2502 ea
942 2475 1110 2512 quorum
1141 2470 1234 2503 sunt
1255 2465 1417 2509 formae3
1439 2465 1543 2502 sicut
1562 2464 1666 2501 enim
1687 2463 1772 2501 ani-

155 2511 235 2562 mal
258 2511 364 2557 quod
397 2516 456 2549 est
489 2511 610 2549 homo
643 2511 691 2549 ab
720 2512 810 2549 aliis
832 2512 1074 2549 animalibus
1104 2513 1236 2559 specie
1257 2511 1388 2549 diflert
1407 2521 1476 2558 per
1492 2512 1570 2548 hoc
1586 2509 1691 2557 quod
1711 2513 1773 2561 est

156 2559 364 2607 rationale,
382 2559 438 2596 ita
465 2559 600 2596 anima
631 2559 822 2596 sensitiva
853 2559 1029 2596 hominis
1061 2559 1109 2596 ab
1139 2559 1272 2596 anima
1295 2558 1487 2596 sensitiva
1513 2558 1617 2595 bruti
1639 2565 1772 2602 speeie

157 2602 286 2640 differt
307 2614 376 2650 per
395 2605 471 2642 hoc
488 2605 594 2653 quod
615 2610 675 2643 est
695 2607 811 2643 etiam
836 2606 1084 2644 intellectiva.
1104 2606 1245 2643 Anima
1261 2606 1382 2653 igitur
1403 2605 1444 2642 in
1463 2604 1579 2656 bruto
1595 2602 1712 2640 habet
1731 2602 1771 2655 id

157 2650 261 2695 quod
283 2655 344 2687 est
364 2652 599 2690 sensitivum
618 2656 770 2691 tantum
789 2657 826 2690 et
845 2663 914 2699 per
934 2662 1187 2700 consequens
1201 2662 1274 2690 nec
1288 2661 1378 2690 esse
1395 2660 1468 2689 nec
1486 2658 1572 2703 ejus
1592 2654 1772 2696 operatio

156 2704 278 2748 supra
297 2706 441 2743 corpus
461 2699 660 2744 elevatur;
687 2700 792 2737 unde
812 2704 967 2746 oportet
986 2700 1092 2747 quod
1113 2700 1232 2738 simul
1250 2708 1340 2737 cum
1360 2700 1614 2745 generatione
1635 2705 1774 2742 corpo·

155 2750 211 2794 ris
233 2747 456 2795 generetur,
477 2748 515 2782 et
546 2755 635 2783 cum
669 2748 924 2793 corruptione
959 2751 1246 2794 corrumpatur.
1269 2745 1409 2783 Anima
1426 2747 1555 2780 autem
1579 2744 1772 2781 sensitiva

154 2797 198 2825 in
217 2788 392 2835 homine,
412 2800 534 2837 quum
548 2792 691 2830 habeat
711 2802 832 2840 supra
851 2794 1083 2832 sensitivam
1105 2797 1285 2830 naturam
1305 2791 1384 2827 vim
1406 2790 1699 2835 intellectivam,
1722 2800 1770 2828 ex

155 2845 233 2882 qua
253 2839 406 2882 oportet
424 2838 530 2884 quod
559 2838 645 2885 ipsa
678 2840 901 2877 substantia
920 2840 1063 2878 animae
1084 2841 1136 2877 sit
1159 2838 1378 2876 secundum
1399 2846 1489 2874 esse
1510 2840 1547 2874 et
1570 2837 1768 2883 operatio-

154 2891 247 2920 nem
277 2892 396 2930 supra
427 2892 573 2931 corpus
593 2885 755 2931 elevata,
778 2896 906 2934 neque
939 2896 1009 2934 per
1036 2886 1333 2934 generationem
1357 2884 1537 2932 corporis
1556 2888 1771 2932 generatur
