1894 3223
127 170 195 204 590
735 156 820 191 Llss.
849 154 907 194 IV,
928 158 1027 195 CAP.
1067 161 1143 202 LV(

129 249 242 285 diens
262 246 351 289 suit,
375 245 511 281 nullus
532 244 636 280 enim
656 248 715 280 cst
735 247 846 280 actus
866 243 1070 281 charitatis
1099 245 1310 290 perfectior
1339 255 1455 292 quam
1489 245 1593 292 quod
1627 245 1748 283 homo

128 304 198 340 pro
221 302 353 328 amore
374 291 543 338 alicujus
573 291 691 326 ctiam
725 295 891 326 mortem
926 291 1134 335 sustineat,
1180 293 1398 329 secundum
1438 293 1543 338 quod
1581 292 1748 337 ipsemet

128 339 319 377 Dominus
340 337 435 374 dicit
458 349 466 373 :
488 338 662 382 Mczjorem
683 338 749 372 hac
770 337 992 372 ditectionem
1011 348 1111 373 nemo
1133 338 1237 373 habet
1256 341 1297 374 ut
1315 341 1475 374 animam
1507 349 1608 375 suam
1637 342 1749 384 ponat

130 388 210 431 quis
241 395 308 430 pro
343 385 468 419 amicis
518 385 609 419 suis.
657 383 814 429 Momm„
846 392 909 426 XV,
948 384 1016 429 13).
1062 384 1124 420 Sic
1170 385 1290 431 igitur
1321 385 1521 422 invenitur
1551 386 1745 429 Christus,

128 435 295 470 mortem
317 431 521 468 sustinens
542 440 613 475 pro
641 430 768 467 salute
804 430 1011 467 hominum
1044 435 1082 466 et
1111 431 1158 467 ad
1190 431 1360 477 gloriam
1391 433 1458 468 Dei
1491 433 1632 478 Patris,
1668 434 1748 469 Deo

127 479 298 516 maxime
319 478 509 515 obediens
531 477 670 522 fuisse,
692 480 822 514 actum
842 477 1046 514 charitatis
1065 479 1280 523 perfectum
1306 479 1572 525 exsequendo.

176 527 253 561 Nec
280 525 355 561 hoc
384 529 576 572 repugnat
599 524 790 561 divinitati
809 524 950 570 ipsius,
972 529 1012 560 ut
1042 527 1181 571 quarta
1198 525 1352 562 decima
1372 525 1468 562 ratio
1491 525 1742 571 procedebat.

130 573 192 609 Sic
232 572 337 608 enim
376 572 477 608 facta
519 573 580 608 est
611 571 704 608 unio
733 571 775 607 in
809 580 980 617 persona
1018 574 1059 607 ut
1095 571 1314 617 proprietas
1358 572 1563 618 utriusque
1600 577 1750 609 naturae

128 621 317 663 maneret,
340 618 478 655 divinae
500 618 651 655 scilicet
667 620 704 654 et
723 617 919 662 humanae,
940 621 982 654 ut
999 626 1120 662 supra
1140 618 1188 664 (c.
1209 621 1255 655 44
1274 623 1311 654 ct
1330 618 1389 664 46)
1411 618 1589 656 habitum
1611 623 1689 663 est3
1713 623 1749 655 et

129 666 232 709 ide0,
254 665 422 710 patiente
444 666 597 702 Christo
619 665 733 701 etiam
756 669 919 701 mortem
957 668 994 701 et
1025 665 1103 701 alia
1128 674 1214 711 quae
1237 665 1496 702 humanitatis
1527 668 1632 708 sunt,
1654 666 1751 702 divi-

130 713 232 749 nitas
254 712 512 757 impassibilis
534 712 694 756 mansit,
717 712 910 758 quamvis,
933 716 1092 757 propter
1125 712 1315 749 unitatem
1350 721 1547 758 personae,
1571 712 1749 749 dicamus

129 761 252 796 Deum
274 768 435 804 passum
457 763 494 806 et
514 762 713 795 mortuum
734 771 742 802 ;
765 758 878 805 cujus
898 759 1121 804 exemplum
1138 759 1362 805 aliqualiter
1383 759 1423 794 in
1442 759 1556 796 nobis
1575 763 1748 805 apparet,

131 807 237 852 quia,
259 806 450 842 moriente
474 815 606 850 carne,
629 806 761 842 anima
780 810 957 841 remanet
979 805 1230 842 immortalis.

178 853 388 890 Sciendum
425 856 484 889 est
522 853 639 889 etiarn
677 852 779 899 quod
800 880 808 896 ‚
843 853 932 889 licet
968 853 1150 889 voluntas
1188 853 1254 889 Dei
1288 862 1369 890 non
1406 853 1458 890 sit
1496 853 1544 890 ad
1585 857 1750 890 mortem

131 900 352 945 hominum,
374 903 416 936 ut
436 899 569 946 quinta
594 899 745 936 decima
766 899 864 936 ratio
888 900 1144 944 proponebat,
1165 902 1225 936 est
1244 904 1375 936 tamen
1396 901 1442 936 ad
1461 900 1660 943 virtutem,
1683 909 1753 945 per

131 956 247 994 quam
282 947 402 984 homo
429 950 594 983 mortem
618 946 768 983 fortiter
791 947 962 983 sustinet
994 950 1030 982 et
1066 956 1112 982 ex
1133 946 1322 983 charitate
1343 947 1529 993 periculis
1550 947 1687 983 mortis
1710 955 1753 983 se

133 994 292 1037 obiicit3
324 996 360 1030 et
391 993 448 1031 sic
475 994 658 1030 voluutas
690 994 757 1029 Dei
792 994 864 1029 fuit
897 993 943 1029 de
980 996 1104 1029 morte
1127 993 1282 1038 Christi,
1304 993 1344 1029 in
1363 998 1554 1040 quantum
1574 994 1752 1030 Christus

135 1050 220 1078 eam
243 1051 287 1077 ex
310 1040 497 1077 charitate
519 1040 695 1086 suscepit
717 1043 753 1076 et
774 1040 926 1076 fortiter
946 1040 1150 1077 sustinuit.

183 1087 288 1124 Unde
310 1091 414 1132 patet
435 1088 538 1133 quod
562 1097 641 1124 non
665 1088 735 1123 fuit
755 1087 920 1132 impium
940 1090 976 1123 et
996 1087 1153 1123 crudele
1175 1088 1280 1134 quod
1301 1089 1404 1124 Deus
1427 1090 1541 1124 Pater
1558 1088 1751 1124 Christum

132 1135 232 1171 mori
253 1135 391 1178 voluit,
415 1138 455 1171 ut
476 1138 585 1171 sexta
601 1134 750 1171 decima
772 1134 869 1170 ratio
892 1134 1174 1178 concludebat;
1197 1143 1278 1171 non
1299 1135 1403 1171 enim
1425 1135 1555 1181 coegit
1574 1135 1750 1173 invitum,

134 1182 202 1219 sed
221 1181 459 1226 complacuit
481 1182 514 1217 ei
537 1182 719 1217 voluntas
741 1191 817 1226 qua
839 1191 885 1216 ex
906 1180 1093 1217 charitate
1109 1181 1288 1218 Christus
1306 1185 1472 1217 mortem
1495 1182 1693 1227 suscepit;
1717 1184 1752 1217 et

138 1228 241 1264 hauc
260 1228 376 1264 etiam
398 1228 628 1264 charitatem
650 1229 688 1263 in
710 1228 796 1273 [qus
818 1228 949 1263 anima
969 1231 1153 1273 operatus
1175 1232 1248 1264 est.

182 1274 368 1311 Similiter
398 1279 513 1311 etiam
549 1284 627 1310 non
667 1275 987 1310 inconvenienter
1009 1274 1151 1310 dicitur
1171 1274 1289 1320 quod,
1312 1279 1471 1320 propter
1489 1274 1750 1311 humilitatem

138 1322 502 1365 demonstrandam,
527 1321 704 1357 Christus
734 1325 897 1357 mortem
931 1322 1060 1358 crucis
1091 1321 1213 1357 voluit
1242 1322 1334 1367 pati.
1359 1324 1401 1357 Et
1435 1331 1568 1358 revera
1594 1322 1750 1368 quidem

140 1368 345 1405 humilitas
365 1368 405 1404 in
428 1370 548 1404 Deum
582 1377 662 1404 nou
684 1368 800 1411 cadit,
822 1372 860 1404 ut
884 1368 1034 1404 decima
1056 1368 1220 1413 septima
1239 1369 1338 1404 ratio
1368 1368 1612 1412 proponebat
1632 1380 1639 1411 ;
1662 1369 1752 1414 quia

140 1416 262 1451 virtus
282 1415 515 1458 humilitatis
541 1415 580 1450 in
602 1415 676 1450 h'oc
698 1415 879 1451 consistit
901 1419 941 1450 ut
961 1415 1103 1460 aliquis
1121 1415 1222 1451 infra
1243 1423 1338 1451 suos
1359 1415 1550 1451 terminos
1567 1424 1609 1451 se
1627 1416 1752 1451 couti·

142 1466 244 1504 neat,
270 1462 317 1497 ad
357 1471 401 1497 ea
435 1471 521 1507 quae
558 1470 678 1507 supra
712 1471 754 1498 se
791 1464 884 1498 sunt
922 1470 1000 1497 non
1037 1470 1078 1498 se
1115 1461 1344 1505 extendens,
1377 1461 1445 1497 sed
1483 1461 1678 1507 superiori
1711 1470 1752 1498 sc

140 1508 321 1554 subjiciat
345 1518 352 1541 :
378 1509 478 1544 unde
492 1512 595 1553 patet
616 1508 722 1554 quod
744 1510 820 1544 Deo
842 1508 1044 1551 humilitas
1065 1508 1276 1545 convenire
1295 1517 1373 1544 non
1391 1511 1532 1554 potest,
1553 1508 1619 1554 qui
1638 1517 1753 1554 supc-

135 1555 276 1591 riorem
316 1564 393 1591 non
424 1555 551 1597 habet,
575 1556 643 1592 sed
674 1555 758 1600 ipse
792 1564 909 1600 super
944 1555 1078 1592 omnia
1114 1555 1255 1592 existit.
1289 1555 1327 1591 Si
1365 1559 1494 1592 autem
1522 1555 1664 1602 aliquis
1692 1556 1750 1592 vel

134 1602 275 1648 aequali
301 1601 361 1638 vel
394 1602 572 1638 infcriori
602 1611 644 1639 se
674 1612 719 1638 ex
750 1602 969 1638 humilitate
1007 1602 1219 1648 aliquando
1248 1602 1444 1648 subjiciat,
1476 1602 1550 1639 hoc
1583 1606 1643 1639 est
1662 1603 1754 1649 quia

134 1649 353 1685 secundum
377 1649 525 1695 aliquid
545 1658 634 1685 eum
650 1649 716 1695 qui
739 1649 1146 1695 simpliciteraequalis
1168 1649 1226 1686 vel
1248 1649 1412 1685 inferior
1427 1653 1486 1685 est
1507 1649 1751 1695 superiorem

134 1705 176 1732 se
197 1696 418 1732 arbitratur.
442 1696 628 1740 Quamvis
647 1696 768 1743 igitur
790 1696 957 1740 Christo,
980 1696 1199 1733 secundum
1216 1696 1386 1732 divinam
1408 1700 1604 1740 naturam,
1624 1696 1752 1733 humi-

132 1742 253 1780 litatis
285 1743 407 1779 virtus
438 1752 517 1779 non
548 1745 757 1788 competat,
779 1743 964 1789 competit
997 1747 1128 1779 tamen
1161 1743 1248 1787 sibi,
1283 1743 1502 1780 secundum
1536 1743 1751 1780 humanam

134 1793 327 1826 naturam.
345 1792 387 1826 Et
401 1789 485 1835 ejus
501 1790 704 1826 humilitas
723 1800 769 1826 ex
790 1790 874 1834 ejus
890 1790 1091 1826 divinitate
1108 1790 1347 1827 laudabilior
1358 1790 1559 1835 redditum
1580 1790 1754 1837 dignitas

134 1837 239 1873 enim
271 1846 450 1881 personae
486 1837 616 1881 adjicit
650 1838 697 1873 ad
732 1837 887 1873 laudem
923 1837 1168 1880 humilitatis,
1192 1841 1285 1883 puta
1324 1837 1481 1883 quando
1514 1846 1584 1882 pro
1622 1837 1754 1883 aliqua

134 1883 370 1920 necessitate
404 1884 557 1929 expedit
594 1883 763 1930 aliquem
797 1893 982 1930 magnum
1014 1884 1144 1930 aliqua
1176 1883 1311 1919 intima
1339 1884 1444 1929 pati;
1474 1883 1584 1920 nulla
1622 1888 1750 1920 autem

133 1933 241 1966 tanta
261 1930 431 1976 dignitas
458 1939 546 1967 esse
575 1934 705 1976 potest
725 1931 900 1967 hominis
931 1940 1048 1976 quam
1070 1930 1173 1977 quod
1206 1931 1255 1966 sit
1288 1932 1414 1973 Deus;
1441 1930 1542 1966 unde
1577 1931 1752 1967 hominis

132 1976 200 2012 Dei
219 1977 422 2013 humilitas
444 1977 612 2013 maxime
632 1977 839 2014 laudabilis
861 1977 1072 2021 invenitur,
1092 1977 1185 2013 dum
1201 1977 1351 2023 abjecta
1370 1977 1560 2013 sustinuit
1579 1986 1665 2024 quae
1681 1987 1750 2022 pro

134 2023 260 2060 salute
295 2022 501 2060 hominum
535 2024 666 2069 ipsum
698 2024 776 2069 pati
810 2024 1050 2069 expediebat.
1079 2025 1195 2061 Erant
1226 2024 1331 2060 enim
1361 2023 1558 2067 homines,
1597 2028 1753 2070 propter

134 2069 372 2115 superbiam,
394 2070 605 2107 mundanae
630 2071 766 2117 gloriae
802 2074 1012 2107 amatores.
1048 2072 1093 2107 Ut
1122 2071 1242 2118 igitur
1269 2070 1476 2107 hominum
1510 2071 1666 2107 animos
1705 2072 1752 2107 ab

133 2125 266 2153 amore
288 2117 497 2154 mundanae
530 2117 664 2164 gloriae
696 2118 733 2153 in
769 2127 942 2154 amorem
977 2118 1118 2154 divinae
1146 2117 1282 2165 gloriae
1315 2120 1610 2162 transmutaret,
1635 2117 1754 2154 voluit

134 2167 299 2200 mortem
341 2164 549 2209 sustinere,
580 2173 659 2201 uon
699 2165 1041 2211 qualemcumque,
1071 2164 1140 2201 sed
1174 2164 1492 2210 abjectissimam.
1523 2165 1622 2201 Sunt
1649 2165 1751 2200 cuim

134 2210 292 2257 quidam
315 2210 395 2256 qui,
409 2211 483 2248 etsi
498 2215 665 2248 mortem
686 2220 765 2248 non
788 2212 963 2255 timeant,
987 2212 1198 2248 abhorrent
1218 2215 1349 2248 tamen
1364 2215 1529 2248 mortem
1546 2211 1750 2258 abjectam,

133 2257 181 2294 ad
211 2266 327 2340 quam
349 2258 465 2295 ctiam
486 2259 815 2295 contemnendam
851 2259 1040 2295 Dominus
1072 2258 1256 2295 homines
1279 2258 1466 2294 animavit
1501 2264 1583 2295 suae
1614 2259 1752 2295 mortis

133 2314 270 2349 exemp
291 2314 327 2341 ο.

180 2353 234 2395 Et,
251 2351 536 2388 licethomines
551 2351 599 2389 ad
613 2351 873 2389 humilitatem
895 2352 1098 2388 informari
1120 2352 1319 2397 potuerint
1338 2352 1482 2388 divinis
1501 2352 1752 2389 sermonibus

131 2398 328 2442 instructi,
359 2401 401 2435 ut
422 2398 573 2435 decima
606 2401 744 2436 octava
768 2399 865 2436 ratio
899 2399 1155 2444 proponebat,
1175 2402 1306 2435 tamen
1329 2399 1376 2435 ad
1408 2399 1604 2445 agendum
1625 2399 1753 2445 magis

130 2449 348 2491 provocant
386 2445 486 2482 facta
524 2455 642 2492 quam
666 2445 797 2491 verba,
820 2450 857 2483 et
888 2449 998 2482 tanto
1031 2445 1231 2482 efficacius
1263 2446 1366 2482 sacta
1398 2450 1568 2490 movent,
1604 2449 1753 2492 quanto

132 2492 273 2529 certior
308 2492 442 2537 opinio
478 2492 665 2530 bonitatis
701 2493 865 2530 habetur
893 2493 939 2530 de
972 2501 1018 2529 eo
1040 2492 1106 2540 qui
1138 2492 1367 2538 hujusmodi
1390 2492 1596 2538 operatur.
1632 2492 1751 2537 Unde,

132 2539 222 2576 licet
253 2539 418 2576 aliorum
452 2540 657 2576 hominum
684 2540 808 2576 multa
839 2539 1074 2577 humilitatis
1103 2540 1281 2586 exempla
1318 2539 1599 2583 invenirentur,
1620 2542 1752 2576 tamen

131 2586 521 2631 expedientissimum
558 2587 631 2623 fuit
664 2590 706 2623 ut
737 2587 865 2623 adhuc
898 2586 1072 2624 hominis
1110 2586 1177 2622 Dei
1212 2589 1520 2632 provocarentur
1554 2586 1748 2632 exemplo,

132 2642 247 2678 quem
269 2636 424 2670 constat
442 2643 570 2670 errare
589 2643 669 2670 non
691 2634 866 2679 potuisse
888 2637 925 2670 et
945 2634 1058 2680 cujus
1089 2633 1292 2670 humilitas
1313 2636 1425 2670 tanto
1448 2637 1508 2670 est
1535 2632 1753 2669 mirabilior

135 2682 282 2725 quanto
304 2680 490 2726 majestas
512 2680 736 2717 sublimior.

178 2726 426 2763 Manifestum
459 2732 518 2764 est
550 2728 667 2764 etiam
700 2737 745 2764 ex
781 2727 973 2773 praedictis
1001 2727 1106 2773 quod
1139 2727 1310 2772 oportuit
1348 2727 1544 2764 Christum
1585 2728 1751 2762 mortem

131 2772 223 2817 pati,
252 2781 333 2809 non
369 2774 497 2810 solum
529 2778 572 2810 ut
606 2774 825 2820 exemplum
862 2774 1051 2819 praeheret
1078 2779 1244 2810 mortem
1281 2773 1559 2810 contemnendi
1593 2775 1752 2823 propter

133 2819 304 2856 veritatis
332 2828 521 2864 amorem,
542 2821 611 2857 sed
632 2826 674 2857 ut
695 2822 811 2857 etiam
843 2821 1008 2857 aliorum
1031 2825 1191 2866 peccata
1221 2823 1427 2867 purgarem
1456 2819 1559 2865 quod
1592 2819 1750 2864 quldem

133 2865 277 2903 factum
308 2868 368 2902 est
402 2866 494 2902 dum
528 2867 624 2912 ipse,
647 2868 713 2912 qui
739 2868 887 2913 absque
909 2873 1068 2913 peccato
1088 2872 1183 2911 crat,
1206 2872 1372 2903 mortem
1391 2869 1553 2912 peccato
1577 2865 1751 2902 debitam

133 2913 210 2958 pati
242 2912 377 2957 voluit,
400 2916 440 2948 ut
474 2914 513 2948 in
548 2923 589 2949 sc
621 2923 775 2958 prunam
799 2915 885 2950 aliis
907 2915 1076 2952 debitam
1098 2923 1168 2959 pro
1201 2913 1288 2950 aliis
1312 2911 1593 2949 satisfaciendo
1623 2912 1751 2949 susci-

1860 2952 1894 3223 Qu..-
1887 2927 1894 2935 i
1890 2865 1894 2878 „
