1894 3223
783 218 867 253 Lib.
903 218 928 261 Ι,
956 219 1055 253 CM).
1086 218 1124 253 V.
1739 224 1757 255 5

150 297 254 345 quod
287 298 569 345 metaphysica,
597 308 682 345 qnae
704 299 807 335 circa
837 298 969 335 divina
990 303 1180 344 versatur,
1205 298 1306 336 inter
1341 299 1604 345 philosophia}
1626 306 1758 346 partes

150 346 288 382 ultima
310 349 482 382 remanet
498 345 750 382 addiscenda.

196 392 258 429 Sic
276 402 370 438 ergo
386 393 546 429 noimisi
569 402 658 429 cum
688 402 832 438 magno
853 392 986 428 labore
1011 393 1129 430 studii
1153 393 1200 430 ad
1222 393 1414 439 praedictae
1433 394 1610 430 veritatis
1632 395 1758 442 inqui-

148 439 333 477 sitionem
356 440 548 485 perveniri
570 444 696 485 potest
711 452 718 483 ;
736 448 850 485 quem
875 439 1032 485 quidem
1050 440 1223 477 laborem
1247 441 1358 486 pauci
1383 441 1515 478 subire
1531 442 1668 477 volunt
1688 453 1756 488 pro

149 495 282 524 amore
301 487 491 532 scientiae‚
505 486 619 533 quus
637 490 768 523 tamen
787 486 986 523 mentibus
1003 487 1207 524 hominum
1229 488 1447 525 naturalem
1467 490 1571 525 Deus
1587 489 1755 526 inseruit

149 542 173 572 a
228 533 379 570 etitum.

174 543 197 581 p
220 581 414 618 ecunduin
438 580 722 618 inconveniens
742 583 814 624 est,
837 581 940 627 quod
958 581 1013 617 illi
1036 581 1102 628 qui
1124 582 1171 618 ad
1203 581 1396 627 praedicta}
1417 582 1592 620 veritatis
1618 584 1755 630 cogni-

146 625 294 665 tionem
327 628 385 664 vel
418 627 687 665 inventionem
720 628 982 673 pervenirent,
1004 629 1067 665 vix
1100 632 1189 674 post
1221 629 1382 674 tongum
1414 633 1568 676 tempus
1607 632 1753 676 pertin—

145 679 297 758 gerent,
318 678 398 712 tum
423 679 582 721 propter
602 675 829 721 liuJusmodi
853 675 1027 712 veritatis
1048 675 1366 721 profunditatem,
1390 676 1437 713 ad
1463 686 1580 723 quam
1599 678 1755 724 capien-

173 731 235 759 am
256 722 436 768 perviam
459 722 626 759 rationis
646 722 806 759 nonnisi
823 726 912 767 post
931 723 1092 768 longum
1112 721 1338 759 exercitium
1364 723 1587 761 intellectus
1618 725 1755 763 huma-

147 777 223 806 nus
249 769 417 807 idoneus
435 770 654 813 invenitur;
682 773 763 806 tum
782 770 899 806 etiam
931 773 1089 815 propter
1112 769 1236 806 multa
1256 778 1342 815 quae
1378 771 1684 817 praeexiguntur,
1712 776 1754 809 ut

146 815 292 853 dictum
327 820 408 861 est;
433 820 514 852 tum
551 821 709 862 propter
742 817 815 852 boc
841 817 960 863 quod,
983 819 1157 861 tempore
1194 816 1426 861 juventutis,
1461 818 1553 853 dum
1587 819 1754 856 diversis

147 863 321 900 motibus
348 864 580 909 passionum
614 863 746 900 anima
767 864 1036 907 tluctuat,non
1060 866 1120 899 est
1151 866 1239 909 apta
1271 863 1318 898 ad
1353 867 1429 899 tam
1458 864 1545 901 altae
1579 866 1753 904 veritatis

146 910 430 957 cognitionem,
453 911 522 947 sed
546 911 583 946 in
607 910 849 956 quiescendo
871 909 912 946 fit
933 909 1105 955 prudens
1141 914 1178 946 et
1198 909 1343 954 sciens,
1374 914 1415 946 ut
1436 911 1580 948 dicitur
1600 912 1639 948 in
1660 923 1747 959 sep-

146 957 243 994 timo
264 959 498 1002 Physicorum
518 958 623 1003 (text.
646 966 789 993 comm.
810 956 883 1002 20).
907 958 1138 993 llemancrct
1169 957 1289 1003 igitur
1310 957 1526 994 humanum
1557 968 1696 1004 genus,
1719 960 1752 996 si

146 1004 412 1042 solat-ationis
432 1005 496 1041 via
514 1004 561 1040 ad
582 1006 703 1041 Deum
729 1003 1050 1050 cognoscendum
1066 1008 1228 1049 pateret,
1252 1004 1292 1039 in
1313 1005 1496 1041 maximis
1518 1005 1752 1052 ignorantiae

144 1051 337 1095 tenebris;
360 1060 480 1098 quum
516 1051 583 1087 Dei
605 1050 794 1096 cognitio,
829 1060 915 1097 quae
937 1051 1120 1087 homines
1151 1051 1320 1088 maxime
1342 1052 1535 1096 perfectos
1562 1056 1600 1089 et
1625 1053 1752 1091 bonos

146 1097 250 1136 facit.
272 1098 432 1134 nonnisi
477 1097 715 1144 quibusdam
752 1098 905 1144 paucis,
938 1101 975 1134 et
1008 1098 1070 1135 his
1109 1098 1247 1144 paucis
1286 1098 1403 1135 etiam
1432 1103 1521 1145 post
1562 1101 1750 1147 temporis

144 1144 446 1190 longitudinem,
468 1145 703 1190 proveniret.

189 1192 360 1228 Tertium
394 1192 679 1229 inconveniens
703 1195 775 1236 est,
797 1191 903 1240 quod
926 1192 1219 1239 investigationi
1245 1192 1411 1230 rationis
1450 1193 1633 1231 humanae
1665 1194 1753 1240 ple-

143 1247 308 1285 rumque
347 1239 502 1276 falsitas
547 1239 787 1276 admiscetur
820 1242 978 1285 propter
1012 1239 1250 1276 debilitatem
1283 1240 1508 1277 intellectus
1545 1243 1671 1278 nostri
1710 1242 1751 1278 in

138 1285 367 1332 judicando,
390 1290 427 1323 et
447 1287 764 1332 phantasmatum
781 1287 1095 1332 permixtionem.
1120 1289 1163 1323 Et
1186 1287 1274 1324 ideo
1290 1288 1390 1333 apud
1407 1288 1553 1325 multos
1575 1288 1613 1324 in
1636 1288 1748 1325 dubi-

141 1333 289 1370 tatione
311 1337 557 1370 remanerent
572 1343 629 1377 ea,
647 1343 733 1380 quae
762 1337 855 1370 sunt
872 1334 1079 1371 verissime
1102 1335 1219 1371 etiam
1241 1334 1524 1379 demonstrata,
1549 1335 1642 1371 dum
1669 1336 1748 1373 vim

142 1379 493 1418 demonstrationis
533 1382 731 1428 ignorant,
769 1384 804 1417 et
841 1381 1035 1427 praecipue
1071 1391 1191 1428 quum
1223 1381 1380 1418 videant
1413 1392 1436 1419 a
1462 1382 1644 1427 diversis,
1678 1383 1745 1429 qui

142 1428 342 1473 sapientes
367 1428 567 1472 dicuntur,
589 1428 745 1465 diversa
759 1428 904 1465 doceri.
929 1431 1032 1465 inter
1050 1429 1175 1465 multa
1195 1429 1312 1465 etiam
1332 1439 1436 1474 vera,
1458 1439 1544 1476 quae
1564 1430 1748 1467 demons-

140 1477 305 1518 trantur,
336 1475 582 1512 immiscetur
600 1475 813 1522 aliquando
846 1476 994 1522 aliquid
1015 1476 1180 1521 falsum,
1205 1477 1310 1522 quod
1338 1486 1418 1513 non
1439 1477 1745 1522 demonstratur,

140 1521 211 1558 sed
231 1522 365 1568 aliqua
383 1522 575 1568 probabili
594 1523 653 1559 vel
675 1523 893 1568 sophistica
928 1523 1079 1560 ratione
1100 1525 1304 1567 asseritur,
1330 1533 1416 1570 quae
1454 1524 1650 1560 interdum
1683 1525 1746 1561 de-

141 1570 375 1606 monstratio
399 1573 611 1615 reputatur.
636 1571 678 1605 Et
716 1570 804 1606 ideo
843 1570 1028 1616 oportuit,
1051 1580 1119 1615 pei·
1140 1570 1242 1606 viam
1276 1570 1380 1616 fidei,
1401 1570 1477 1607 fixa
1497 1571 1745 1616 certitudine,

139 1615 267 1662 ipsam
288 1617 488 1654 veritatem
511 1617 558 1652 df,
580 1616 697 1653 rebus
717 1617 862 1654 divinis
883 1617 1112 1654 hominibus
1134 1617 1323 1654 exhiberi.

187 1663 404 1700 Salubriter
425 1673 518 1709 ergo
539 1663 671 1699 divina
692 1664 861 1709 providit
880 1664 1100 1707 clementia,
1124 1667 1165 1700 ut
1186 1674 1232 1701 ea
1252 1665 1368 1701 etiam
1391 1674 1477 1712 quae
1498 1665 1597 1702 ratio
1618 1665 1749 1702 inves-

138 1709 263 1756 tigare
286 1714 425 1756 potest,
449 1710 523 1747 fide
555 1711 725 1747 tenenda
746 1711 990 1757 praeciperet3
1013 1715 1055 1748 ut
1092 1712 1150 1748 sie
1192 1721 1330 1748 omnes
1365 1712 1411 1749 de
1441 1712 1543 1749 facili
1584 1714 1749 1758 possent

139 1755 281 1794 divinae
302 1757 544 1802 cognitionis
566 1756 775 1803 partici'pes
797 1767 885 1795 esse
906 1762 943 1794 et
963 1758 1111 1804 absque
1136 1759 1380 1796 dubitatione
1402 1762 1438 1795 et
1455 1768 1601 1796 errore.

185 1804 282 1840 Hinc
304 1808 362 1841 est
384 1805 487 1851 quod
507 1805 672 1841 dicitur:
694 1806 775 1840 Jam
809 1815 878 1840 non
915 1806 1103 1841 ambuletis
1139 1807 1233 1841 sicut
1268 1809 1301 1841 et
1335 1809 1453 1850 qetztes
1487 1807 1687 1852 ambulant,
1708 1809 1747 1842 in

134 1853 297 1887 vanitate
317 1861 439 1888 sensus
460 1853 528 1892 sui,
558 1852 710 1887 tenebris
733 1853 958 1888 obscuratum
978 1853 1145 1888 habentes
1173 1854 1388 1889 intellectam
1414 1853 1587 1900 (ephes,
1608 1862 1666 1900 IV,
1689 1856 1746 1899 17,

138 1897 217 1945 ¹8);
236 1901 275 1936 et
289 1900 447 1936 :Ponam
465 1900 650 1936 universos
665 1900 759 1946 filios
779 1902 859 1936 tuos
879 1899 997 1936 doctos
1016 1910 1039 1936 a
1056 1901 1207 1937 Domino
1228 1899 1335 1947 (isa,
1354 1909 1434 1946 LIV,
1458 1900 1530 1948 13).

818 2045 987 2089 CAPUT
1005 2047 1051 2086 V.

176 2165 279 2200 QUOD
298 2165 364 2199 ΕΔ,
388 2165 475 2200 QUAE
498 2165 670 2197 RATIONE
694 2165 946 2197 INVESTIGARI
970 2167 1048 2197 NON
1071 2167 1255 2206 POSSUNT,
1282 2168 1582 2200 CONVENIENTER
1606 2170 1697 2201 FIDE

685 2213 867 2244 TENENDA
890 2215 1183 2245 PROPONUNTUR.

179 2321 338 2359 Videtur
358 2325 488 2360 autem
512 2323 750 2370 quibusdam
772 2324 942 2361 sortasse
971 2332 1050 2361 non
1073 2324 1213 2361 debere
1234 2325 1386 2362 homini
1418 2325 1466 2363 ad
1504 2327 1739 2364 credendum

131 2369 301 2420 proponi
322 2368 402 2413 illa,
425 2379 511 2416 quae
541 2371 640 2407 ratio
662 2370 901 2418 investigare
928 2380 1009 2408 non
1043 2370 1204 2416 sufficit,
1227 2381 1348 2418 quum
1387 2373 1519 2411 divina
1545 2375 1741 2420 Sapientia

133 2415 348 2462 unicuique
374 2417 593 2453 secundum
615 2418 777 2455 modum
796 2427 878 2455 suae
894 2422 1042 2455 naturae
1062 2419 1276 2464 provideat.

180 2463 224 2499 Et
259 2462 348 2499 ideo
380 2463 731 2501 demonstrandum
752 2468 824 2509 est,
846 2465 950 2511 quod
991 2466 1261 2502 necessarium
1283 2466 1335 2502 sit
1362 2466 1514 2504 homini
1551 2467 1739 2506 divinitus

133 2509 328 2546 credenda
355 2510 522 2555 proponi
540 2511 656 2547 etiarn
679 2512 759 2556 illa,
782 2521 868 2558 quae
890 2512 1083 2549 rationem
1105 2513 1310 2548 excedunt.

180 2556 320 2593 Nullus
335 2557 441 2593 enim
465 2556 662 2594 desiderio
684 2561 720 2594 et
740 2559 872 2596 studio
893 2559 933 2595 in
954 2559 1104 2604 aliquid
1126 2560 1259 2603 tendit,
1283 2558 1360 2596 nisi
1385 2559 1436 2596 sit
1456 2559 1490 2596 ei
1521 2563 1738 2608 praecogni-

131 2606 229 2640 tum.
252 2603 352 2646 Quia
373 2612 466 2649 ergo
488 2603 537 2640 ad
564 2604 682 2641 altius
703 2605 863 2646 bonum,
887 2615 1005 2652 quam
1030 2606 1195 2650 experiri
1233 2606 1272 2641 in
1294 2607 1477 2651 praesenti
1497 2608 1576 2644 vita
1613 2610 1739 2654 possit

132 2649 307 2687 humana
328 2650 535 2697 fragilitas,
558 2650 741 2688 homines
763 2662 831 2698 per
848 2652 1018 2689 divinam
1042 2653 1327 2697 providentiam
1365 2654 1612 2700 ordinantur,
1635 2660 1678 2692 ut
1699 2657 1737 2692 in

131 2697 391 2743 sequentibus
409 2697 712 2744 investigabitur
732 2698 771 2744 (l.
793 2708 851 2743 111,
873 2709 906 2735 c.
933 2698 1028 2745 142),
1047 2700 1220 2744 oportuit
1241 2703 1412 2737 mentem
1430 2703 1585 2738 evocari
1606 2702 1647 2738 in
1669 2704 1738 2739 ali-

132 2744 226 2790 quid
243 2744 362 2781 altius
383 2753 501 2790 quam
522 2745 623 2781 ratio
638 2748 775 2782 nostra
793 2745 835 2781 in
856 2746 1037 2791 praesenti
1054 2747 1181 2792 possit
1196 2747 1444 2794 pertingere;
1471 2753 1511 2785 ut
1533 2749 1591 2786 sic
1611 2749 1736 2787 disce-

130 2795 189 2827 ret
211 2790 359 2837 aliquid
386 2791 609 2842 desiderare
631 2795 667 2828 et
701 2791 833 2829 studio
868 2793 1028 2829 tendere
1049 2794 1090 2830 in
1110 2794 1273 2840 aliquid,
1302 2795 1406 2841 quod
1431 2799 1554 2832 totum
1593 2799 1737 2833 statum

131 2838 339 2883 praesentis
377 2842 465 2875 vitae
498 2839 662 2876 excedit.
683 2840 727 2875 Et
764 2839 839 2875 hoc
861 2840 1056 2886 praecipue
1084 2841 1310 2878 christianae
1334 2842 1516 2887 religioni
1536 2845 1735 2889 competit,

132 2893 218 2936 quae
239 2884 494 2931 singulariter
514 2885 619 2923 bona
643 2886 861 2932 spiritualia
894 2890 932 2922 et
952 2891 1096 2924 aeterna
1115 2889 1320 2933 promittit.
1340 2890 1446 2925 Unde
1467 2893 1504 2925 et
1525 2890 1564 2925 in
1588 2900 1633 2927 ea
1653 2891 1737 2936 plu-

133 2940 236 2968 rima
272 2931 485 2969 humanum
517 2942 679 2970 sensum
702 2933 930 2970 excedentia
947 2939 1233 2980 proponuntur.
1257 2937 1332 2972 Lex
1350 2940 1480 2972 autem
1501 2941 1627 2980 vetus,
1650 2947 1736 2982 quae

132 2978 365 3025 temporalia
400 2981 596 3026 promissa
636 2979 815 3025 babebat,
837 2990 963 3027 pauca
993 2982 1213 3028 proposuit,
1234 2992 1322 3030 quae
1348 2983 1530 3021 humanae
1569 2983 1733 3021 rationis
