<?xml version="1.0" encoding="UTF-8"?>
<!DOCTYPE html PUBLIC "-//W3C//DTD XHTML 1.0 Transitional//EN"
    "http://www.w3.org/TR/xhtml1/DTD/xhtml1-transitional.dtd">
<html xmlns="http://www.w3.org/1999/xhtml" xml:lang="en" lang="en">
 <head>
  <title>
</title>
<meta http-equiv="Content-Type" content="text/html;charset=utf-8" />
  <meta name='ocr-system' content='tesseract 3.04.00' />
  <meta name='ocr-capabilities' content='ocr_page ocr_carea ocr_par ocr_line ocrx_word'/>
</head>
<body>
  <div class='ocr_page' id='page_1' title='image "./deveritatecathol00thomuoft_0657.png"; bbox 0 0 1894 3223; ppageno 0'>
   <div class='ocr_carea' id='block_1_1' title="bbox 664 173 1724 215">
    <p class='ocr_par' dir='ltr' id='par_1_1' title="bbox 664 173 1724 215">
     <span class='ocr_line' id='line_1_1' title="bbox 664 173 1724 215; baseline 0.001 -8"><span class='ocrx_word' id='word_1_1' title='bbox 664 173 749 208; x_wconf 84' lang='lat' dir='ltr'>LlB.</span> <span class='ocrx_word' id='word_1_2' title='bbox 778 173 835 215; x_wconf 81' lang='grc' dir='ltr'>Ν,</span> <span class='ocrx_word' id='word_1_3' title='bbox 862 173 963 209; x_wconf 78' lang='grc' dir='ltr'><strong>ΟΑΡ.</strong></span> <span class='ocrx_word' id='word_1_4' title='bbox 991 173 1169 208; x_wconf 82' lang='lat' dir='ltr'>Lxxvlll.</span> <span class='ocrx_word' id='word_1_5' title='bbox 1656 173 1724 209; x_wconf 77' lang='lat'>6¹7</span> 
     </span>
    </p>
   </div>
   <div class='ocr_carea' id='block_1_2' title="bbox 717 340 1128 381">
    <p class='ocr_par' dir='ltr' id='par_1_2' title="bbox 717 340 1128 381">
     <span class='ocr_line' id='line_1_2' title="bbox 717 340 1128 381; baseline -0.002 0"><span class='ocrx_word' id='word_1_6' title='bbox 717 340 883 381; x_wconf 84' lang='lat' dir='ltr'><strong>CAPUT</strong></span> <span class='ocrx_word' id='word_1_7' title='bbox 918 340 1128 381; x_wconf 79' lang='lat' dir='ltr'>LXXVIII.</span> 
     </span>
    </p>
   </div>
   <div class='ocr_carea' id='block_1_3' title="bbox 619 465 1222 494">
    <p class='ocr_par' dir='ltr' id='par_1_3' title="bbox 619 465 1222 494">
     <span class='ocr_line' id='line_1_3' title="bbox 619 465 1222 494; baseline -0.002 -1"><span class='ocrx_word' id='word_1_8' title='bbox 619 465 668 493; x_wconf 79' lang='lat' dir='ltr'>m:</span> <span class='ocrx_word' id='word_1_9' title='bbox 696 465 947 494; x_wconf 71' lang='lat' dir='ltr'>SACRAMENTO</span> <span class='ocrx_word' id='word_1_10' title='bbox 973 466 1222 494; x_wconf 76' lang='lat' dir='ltr'>MATRIMOMI.</span> 
     </span>
    </p>
   </div>
   <div class='ocr_carea' id='block_1_4' title="bbox 106 578 1727 2769">
    <p class='ocr_par' dir='ltr' id='par_1_4' title="bbox 110 578 1726 860">
     <span class='ocr_line' id='line_1_4' title="bbox 161 578 1725 628; baseline 0.004 -13"><span class='ocrx_word' id='word_1_11' title='bbox 161 578 345 622; x_wconf 75' lang='lat' dir='ltr'>Quamvis</span> <span class='ocrx_word' id='word_1_12' title='bbox 367 583 496 616; x_wconf 89' lang='lat' dir='ltr'>autem</span> <span class='ocrx_word' id='word_1_13' title='bbox 519 579 700 616; x_wconf 83' lang='lat' dir='ltr'>homines</span> <span class='ocrx_word' id='word_1_14' title='bbox 722 589 790 624; x_wconf 88' lang='lat' dir='ltr'>per</span> <span class='ocrx_word' id='word_1_15' title='bbox 811 585 1058 615; x_wconf 86' lang='lat' dir='ltr'>sacramenta</span> <span class='ocrx_word' id='word_1_16' title='bbox 1078 583 1348 616; x_wconf 86' lang='lat' dir='ltr'>restaurentur</span> <span class='ocrx_word' id='word_1_17' title='bbox 1368 580 1415 617; x_wconf 84' lang='lat' dir='ltr'>ad</span> <span class='ocrx_word' id='word_1_18' title='bbox 1437 582 1619 628; x_wconf 80' lang='lat' dir='ltr'>gratiam,</span> <span class='ocrx_word' id='word_1_19' title='bbox 1642 592 1725 621; x_wconf 90' lang='lat' dir='ltr'>non</span> 
     </span>
     <span class='ocr_line' id='line_1_5' title="bbox 110 626 1723 676; baseline 0.004 -15"><span class='ocrx_word' id='word_1_20' title='bbox 110 627 243 661; x_wconf 83' lang='lat' dir='ltr'>tamen</span> <span class='ocrx_word' id='word_1_21' title='bbox 275 634 364 662; x_wconf 81' lang='lat' dir='ltr'>mox</span> <span class='ocrx_word' id='word_1_22' title='bbox 398 629 668 663; x_wconf 81' lang='lat' dir='ltr'>restaurantur</span> <span class='ocrx_word' id='word_1_23' title='bbox 698 626 745 662; x_wconf 89' lang='lat' dir='ltr'>ad</span> <span class='ocrx_word' id='word_1_24' title='bbox 767 626 1102 662; x_wconf 88' lang='lat' dir='ltr'>immortalitatem</span> <span class='ocrx_word' id='word_1_25' title='bbox 1123 639 1130 662; x_wconf 92' lang='lat'><strong>:</strong></span> <span class='ocrx_word' id='word_1_26' title='bbox 1151 627 1264 673; x_wconf 73' lang='lat' dir='ltr'>cuius</span> <span class='ocrx_word' id='word_1_27' title='bbox 1285 628 1458 664; x_wconf 84' lang='lat' dir='ltr'>rationes</span> <span class='ocrx_word' id='word_1_28' title='bbox 1480 638 1599 675; x_wconf 87' lang='lat' dir='ltr'>supra</span> <span class='ocrx_word' id='word_1_29' title='bbox 1623 630 1723 676; x_wconf 88' lang='lat' dir='ltr'>(cap.</span> 
     </span>
     <span class='ocr_line' id='line_1_6' title="bbox 113 672 1726 722; baseline 0.004 -14"><span class='ocrx_word' id='word_1_30' title='bbox 113 674 158 708; x_wconf 80' lang='lat'>52</span> <span class='ocrx_word' id='word_1_31' title='bbox 179 676 216 708; x_wconf 87' lang='lat' dir='ltr'>et</span> <span class='ocrx_word' id='word_1_32' title='bbox 243 672 300 718; x_wconf 86' lang='lat'>53)</span> <span class='ocrx_word' id='word_1_33' title='bbox 329 673 590 710; x_wconf 82' lang='lat' dir='ltr'>ostendimus.</span> <span class='ocrx_word' id='word_1_34' title='bbox 623 674 887 719; x_wconf 78' lang='lat' dir='ltr'>Quaecumque</span> <span class='ocrx_word' id='word_1_35' title='bbox 919 677 1047 709; x_wconf 90' lang='lat' dir='ltr'>autem</span> <span class='ocrx_word' id='word_1_36' title='bbox 1075 674 1346 719; x_wconf 77' lang='lat' dir='ltr'>corruptibilia</span> <span class='ocrx_word' id='word_1_37' title='bbox 1375 680 1481 718; x_wconf 85' lang='lat' dir='ltr'>sunt,</span> <span class='ocrx_word' id='word_1_38' title='bbox 1503 678 1726 722; x_wconf 89' lang='lat' dir='ltr'>perpetuari</span> 
     </span>
     <span class='ocr_line' id='line_1_7' title="bbox 112 720 1725 770; baseline 0.003 -15"><span class='ocrx_word' id='word_1_39' title='bbox 112 728 194 756; x_wconf 90' lang='lat' dir='ltr'>non</span> <span class='ocrx_word' id='word_1_40' title='bbox 218 725 387 764; x_wconf 86' lang='lat' dir='ltr'>possunt</span> <span class='ocrx_word' id='word_1_41' title='bbox 408 720 482 756; x_wconf 89' lang='lat' dir='ltr'>nisi</span> <span class='ocrx_word' id='word_1_42' title='bbox 505 729 572 765; x_wconf 91' lang='lat' dir='ltr'>per</span> <span class='ocrx_word' id='word_1_43' title='bbox 586 720 893 766; x_wconf 78' lang='lat' dir='ltr'>generationem.</span> <span class='ocrx_word' id='word_1_44' title='bbox 915 720 1012 763; x_wconf 82' lang='lat' dir='ltr'>Quia</span> <span class='ocrx_word' id='word_1_45' title='bbox 1035 721 1154 766; x_wconf 76' lang='lat' dir='ltr'>igitur</span> <span class='ocrx_word' id='word_1_46' title='bbox 1173 722 1360 766; x_wconf 86' lang='lat' dir='ltr'>populum</span> <span class='ocrx_word' id='word_1_47' title='bbox 1385 722 1559 759; x_wconf 84' lang='lat' dir='ltr'>fidelium</span> <span class='ocrx_word' id='word_1_48' title='bbox 1589 733 1725 770; x_wconf 85' lang='lat' dir='ltr'>perpe-</span> 
     </span>
     <span class='ocr_line' id='line_1_8' title="bbox 111 764 1725 817; baseline 0.004 -15"><span class='ocrx_word' id='word_1_49' title='bbox 111 766 214 802; x_wconf 85' lang='lat' dir='ltr'>tuari</span> <span class='ocrx_word' id='word_1_50' title='bbox 235 766 466 811; x_wconf 79' lang='lat' dir='ltr'>opportebat</span> <span class='ocrx_word' id='word_1_51' title='bbox 485 764 610 813; x_wconf 83' lang='lat' dir='ltr'>us&#39;que</span> <span class='ocrx_word' id='word_1_52' title='bbox 643 767 690 803; x_wconf 88' lang='lat' dir='ltr'>ad</span> <span class='ocrx_word' id='word_1_53' title='bbox 717 767 851 803; x_wconf 85' lang='lat' dir='ltr'>mundi</span> <span class='ocrx_word' id='word_1_54' title='bbox 882 766 1013 808; x_wconf 82' lang='lat' dir='ltr'>tinem,</span> <span class='ocrx_word' id='word_1_55' title='bbox 1046 768 1312 804; x_wconf 84' lang='lat' dir='ltr'>necessarium</span> <span class='ocrx_word' id='word_1_56' title='bbox 1336 769 1406 804; x_wconf 85' lang='lat' dir='ltr'>suit</span> <span class='ocrx_word' id='word_1_57' title='bbox 1428 769 1501 805; x_wconf 93' lang='lat' dir='ltr'>hoc</span> <span class='ocrx_word' id='word_1_58' title='bbox 1522 779 1590 815; x_wconf 85' lang='lat' dir='ltr'>per</span> <span class='ocrx_word' id='word_1_59' title='bbox 1609 779 1725 817; x_wconf 85' lang='lat' dir='ltr'>gene-</span> 
     </span>
     <span class='ocr_line' id='line_1_9' title="bbox 112 812 1429 860; baseline 0.002 -11"><span class='ocrx_word' id='word_1_60' title='bbox 112 812 303 849; x_wconf 86' lang='lat' dir='ltr'>rationem</span> <span class='ocrx_word' id='word_1_61' title='bbox 325 812 422 852; x_wconf 77' lang='lat' dir='ltr'>ficri.</span> <span class='ocrx_word' id='word_1_62' title='bbox 444 823 513 859; x_wconf 91' lang='lat' dir='ltr'>per</span> <span class='ocrx_word' id='word_1_63' title='bbox 531 823 648 860; x_wconf 83' lang='lat' dir='ltr'>quarn</span> <span class='ocrx_word' id='word_1_64' title='bbox 671 814 786 849; x_wconf 90' lang='lat' dir='ltr'>ctiam</span> <span class='ocrx_word' id='word_1_65' title='bbox 803 813 976 849; x_wconf 87' lang='lat' dir='ltr'>humana</span> <span class='ocrx_word' id='word_1_66' title='bbox 992 815 1145 858; x_wconf 85' lang='lat' dir='ltr'>specics</span> <span class='ocrx_word' id='word_1_67' title='bbox 1165 819 1429 860; x_wconf 80' lang='lat' dir='ltr'>perpetuatur.</span> 
     </span>
    </p>

    <p class='ocr_par' dir='ltr' id='par_1_5' title="bbox 109 859 1727 1986">
     <span class='ocr_line' id='line_1_10' title="bbox 162 859 1727 908; baseline 0.004 -12"><span class='ocrx_word' id='word_1_68' title='bbox 162 859 498 896; x_wconf 81' lang='lat' dir='ltr'>Considerandum</span> <span class='ocrx_word' id='word_1_69' title='bbox 520 864 579 897; x_wconf 90' lang='lat' dir='ltr'>est</span> <span class='ocrx_word' id='word_1_70' title='bbox 596 863 725 897; x_wconf 90' lang='lat' dir='ltr'>autem</span> <span class='ocrx_word' id='word_1_71' title='bbox 746 860 864 907; x_wconf 89' lang='lat' dir='ltr'>quod,</span> <span class='ocrx_word' id='word_1_72' title='bbox 887 861 1046 906; x_wconf 85' lang='lat' dir='ltr'>quando</span> <span class='ocrx_word' id='word_1_73' title='bbox 1067 861 1216 908; x_wconf 88' lang='lat' dir='ltr'>aliquid</span> <span class='ocrx_word' id='word_1_74' title='bbox 1238 862 1283 898; x_wconf 88' lang='lat' dir='ltr'>ad</span> <span class='ocrx_word' id='word_1_75' title='bbox 1308 862 1484 899; x_wconf 83' lang='lat' dir='ltr'>diversos</span> <span class='ocrx_word' id='word_1_76' title='bbox 1504 862 1604 901; x_wconf 84' lang='lat' dir='ltr'>fines</span> <span class='ocrx_word' id='word_1_77' title='bbox 1625 863 1727 902; x_wconf 85' lang='lat' dir='ltr'>ordi-</span> 
     </span>
     <span class='ocr_line' id='line_1_11' title="bbox 113 906 1725 956; baseline 0.004 -14"><span class='ocrx_word' id='word_1_78' title='bbox 113 910 242 950; x_wconf 87' lang='lat' dir='ltr'>natur,</span> <span class='ocrx_word' id='word_1_79' title='bbox 265 906 413 952; x_wconf 78' lang='lat' dir='ltr'>indiget</span> <span class='ocrx_word' id='word_1_80' title='bbox 434 907 576 944; x_wconf 88' lang='lat' dir='ltr'>habere</span> <span class='ocrx_word' id='word_1_81' title='bbox 607 907 760 943; x_wconf 85' lang='lat' dir='ltr'>diversa</span> <span class='ocrx_word' id='word_1_82' title='bbox 783 907 990 954; x_wconf 80' lang='lat' dir='ltr'>dirigentia</span> <span class='ocrx_word' id='word_1_83' title='bbox 1012 908 1052 943; x_wconf 86' lang='lat' dir='ltr'>in</span> <span class='ocrx_word' id='word_1_84' title='bbox 1083 907 1215 947; x_wconf 82' lang='lat' dir='ltr'>tinem.</span> <span class='ocrx_word' id='word_1_85' title='bbox 1248 909 1341 954; x_wconf 79' lang='lat' dir='ltr'>quia</span> <span class='ocrx_word' id='word_1_86' title='bbox 1362 909 1453 945; x_wconf 83' lang='lat' dir='ltr'>sinis</span> <span class='ocrx_word' id='word_1_87' title='bbox 1476 914 1535 946; x_wconf 75' lang='lat' dir='ltr'>est</span> <span class='ocrx_word' id='word_1_88' title='bbox 1566 920 1725 956; x_wconf 86' lang='lat' dir='ltr'>propor-</span> 
     </span>
     <span class='ocr_line' id='line_1_12' title="bbox 112 953 1725 1000; baseline 0.004 -11"><span class='ocrx_word' id='word_1_89' title='bbox 112 953 289 990; x_wconf 87' lang='lat' dir='ltr'>tionatus</span> <span class='ocrx_word' id='word_1_90' title='bbox 324 955 469 998; x_wconf 73' lang='lat' dir='ltr'>agenti.</span> <span class='ocrx_word' id='word_1_91' title='bbox 500 955 704 990; x_wconf 87' lang='lat' dir='ltr'>Generatio</span> <span class='ocrx_word' id='word_1_92' title='bbox 737 958 866 990; x_wconf 85' lang='lat' dir='ltr'>autem</span> <span class='ocrx_word' id='word_1_93' title='bbox 899 953 1072 991; x_wconf 88' lang='lat' dir='ltr'>humana</span> <span class='ocrx_word' id='word_1_94' title='bbox 1106 955 1154 991; x_wconf 88' lang='lat' dir='ltr'>ad</span> <span class='ocrx_word' id='word_1_95' title='bbox 1187 956 1308 992; x_wconf 83' lang='lat' dir='ltr'>multa</span> <span class='ocrx_word' id='word_1_96' title='bbox 1333 956 1550 1000; x_wconf 87' lang='lat' dir='ltr'>ordinatur,</span> <span class='ocrx_word' id='word_1_97' title='bbox 1574 957 1725 995; x_wconf 91' lang='lat' dir='ltr'>scilicet</span> 
     </span>
     <span class='ocr_line' id='line_1_13' title="bbox 112 1000 1724 1050; baseline 0.004 -14"><span class='ocrx_word' id='word_1_98' title='bbox 112 1000 161 1037; x_wconf 91' lang='lat' dir='ltr'>ad</span> <span class='ocrx_word' id='word_1_99' title='bbox 184 1001 481 1046; x_wconf 82' lang='lat' dir='ltr'>perpetuitatem</span> <span class='ocrx_word' id='word_1_100' title='bbox 504 1001 664 1046; x_wconf 88' lang='lat' dir='ltr'>speciei,</span> <span class='ocrx_word' id='word_1_101' title='bbox 684 1004 721 1037; x_wconf 90' lang='lat' dir='ltr'>ct</span> <span class='ocrx_word' id='word_1_102' title='bbox 748 1001 794 1037; x_wconf 87' lang='lat' dir='ltr'>ad</span> <span class='ocrx_word' id='word_1_103' title='bbox 816 1001 1112 1046; x_wconf 81' lang='lat' dir='ltr'>perpetuitatem</span> <span class='ocrx_word' id='word_1_104' title='bbox 1134 1002 1303 1047; x_wconf 86' lang='lat' dir='ltr'>alicujus</span> <span class='ocrx_word' id='word_1_105' title='bbox 1331 1003 1423 1039; x_wconf 86' lang='lat' dir='ltr'>boni</span> <span class='ocrx_word' id='word_1_106' title='bbox 1445 1004 1608 1049; x_wconf 84' lang='lat' dir='ltr'>politici,</span> <span class='ocrx_word' id='word_1_107' title='bbox 1630 1008 1724 1050; x_wconf 89' lang='lat' dir='ltr'>puta</span> 
     </span>
     <span class='ocr_line' id='line_1_14' title="bbox 111 1047 1724 1098; baseline 0.003 -14"><span class='ocrx_word' id='word_1_108' title='bbox 111 1047 247 1093; x_wconf 89' lang='lat' dir='ltr'>populi</span> <span class='ocrx_word' id='word_1_109' title='bbox 269 1047 308 1082; x_wconf 90' lang='lat' dir='ltr'>in</span> <span class='ocrx_word' id='word_1_110' title='bbox 330 1047 459 1094; x_wconf 80' lang='lat' dir='ltr'>aliqua</span> <span class='ocrx_word' id='word_1_111' title='bbox 480 1048 632 1084; x_wconf 88' lang='lat' dir='ltr'>civitate</span> <span class='ocrx_word' id='word_1_112' title='bbox 651 1060 658 1091; x_wconf 84' lang='lat'><em>3</em></span> <span class='ocrx_word' id='word_1_113' title='bbox 682 1047 884 1085; x_wconf 88' lang='lat' dir='ltr'>ordinatur</span> <span class='ocrx_word' id='word_1_114' title='bbox 905 1049 1019 1084; x_wconf 89' lang='lat' dir='ltr'>etiam</span> <span class='ocrx_word' id='word_1_115' title='bbox 1042 1049 1088 1085; x_wconf 88' lang='lat' dir='ltr'>ad</span> <span class='ocrx_word' id='word_1_116' title='bbox 1108 1051 1405 1095; x_wconf 84' lang='lat' dir='ltr'>perpetuitatem</span> <span class='ocrx_word' id='word_1_117' title='bbox 1426 1051 1620 1095; x_wconf 83' lang='lat' dir='ltr'>Ecclesiae,</span> <span class='ocrx_word' id='word_1_118' title='bbox 1637 1061 1724 1098; x_wconf 82' lang='lat' dir='ltr'>quae</span> 
     </span>
     <span class='ocr_line' id='line_1_15' title="bbox 112 1093 1723 1144; baseline 0.003 -14"><span class='ocrx_word' id='word_1_119' title='bbox 112 1094 154 1130; x_wconf 92' lang='lat' dir='ltr'>in</span> <span class='ocrx_word' id='word_1_120' title='bbox 175 1093 349 1130; x_wconf 90' lang='lat' dir='ltr'>fidelium</span> <span class='ocrx_word' id='word_1_121' title='bbox 374 1095 606 1131; x_wconf 81' lang='lat' dir='ltr'>collectione</span> <span class='ocrx_word' id='word_1_122' title='bbox 627 1095 822 1131; x_wconf 82' lang='lat' dir='ltr'>consistit.</span> <span class='ocrx_word' id='word_1_123' title='bbox 847 1095 952 1131; x_wconf 82' lang='lat' dir='ltr'>Unde</span> <span class='ocrx_word' id='word_1_124' title='bbox 975 1100 1128 1140; x_wconf 86' lang='lat' dir='ltr'>oportet</span> <span class='ocrx_word' id='word_1_125' title='bbox 1149 1096 1252 1142; x_wconf 88' lang='lat' dir='ltr'>quod</span> <span class='ocrx_word' id='word_1_126' title='bbox 1274 1097 1501 1142; x_wconf 85' lang='lat' dir='ltr'>hujusmodi</span> <span class='ocrx_word' id='word_1_127' title='bbox 1521 1099 1723 1144; x_wconf 84' lang='lat' dir='ltr'>generatio</span> 
     </span>
     <span class='ocr_line' id='line_1_16' title="bbox 113 1140 1724 1192; baseline 0.003 -15"><span class='ocrx_word' id='word_1_128' title='bbox 113 1149 135 1177; x_wconf 85' lang='lat' dir='ltr'>a</span> <span class='ocrx_word' id='word_1_129' title='bbox 155 1140 322 1177; x_wconf 89' lang='lat' dir='ltr'>diversis</span> <span class='ocrx_word' id='word_1_130' title='bbox 344 1140 548 1186; x_wconf 79' lang='lat' dir='ltr'>dirigatur.</span> <span class='ocrx_word' id='word_1_131' title='bbox 574 1143 808 1187; x_wconf 77' lang='lat' dir='ltr'>inquantum</span> <span class='ocrx_word' id='word_1_132' title='bbox 828 1142 947 1188; x_wconf 81' lang='lat' dir='ltr'>igitur</span> <span class='ocrx_word' id='word_1_133' title='bbox 968 1142 1173 1180; x_wconf 86' lang='lat' dir='ltr'>ordinatur</span> <span class='ocrx_word' id='word_1_134' title='bbox 1196 1143 1242 1179; x_wconf 87' lang='lat' dir='ltr'>ad</span> <span class='ocrx_word' id='word_1_135' title='bbox 1264 1143 1411 1180; x_wconf 88' lang='lat' dir='ltr'>bonum</span> <span class='ocrx_word' id='word_1_136' title='bbox 1434 1147 1596 1189; x_wconf 81' lang='lat' dir='ltr'>naturae,</span> <span class='ocrx_word' id='word_1_137' title='bbox 1619 1146 1724 1192; x_wconf 83' lang='lat' dir='ltr'>quod</span> 
     </span>
     <span class='ocr_line' id='line_1_17' title="bbox 112 1187 1725 1235; baseline 0.004 -13"><span class='ocrx_word' id='word_1_138' title='bbox 112 1190 173 1223; x_wconf 90' lang='lat' dir='ltr'>est</span> <span class='ocrx_word' id='word_1_139' title='bbox 208 1187 446 1232; x_wconf 83' lang='lat' dir='ltr'>perpetuitas</span> <span class='ocrx_word' id='word_1_140' title='bbox 480 1188 641 1233; x_wconf 85' lang='lat' dir='ltr'>speciei,</span> <span class='ocrx_word' id='word_1_141' title='bbox 673 1188 856 1235; x_wconf 85' lang='lat' dir='ltr'>dirigitur</span> <span class='ocrx_word' id='word_1_142' title='bbox 881 1188 921 1224; x_wconf 89' lang='lat' dir='ltr'>in</span> <span class='ocrx_word' id='word_1_143' title='bbox 954 1188 1073 1225; x_wconf 87' lang='lat' dir='ltr'>finem</span> <span class='ocrx_word' id='word_1_144' title='bbox 1103 1199 1127 1226; x_wconf 89' lang='lat' dir='ltr'>a</span> <span class='ocrx_word' id='word_1_145' title='bbox 1154 1193 1295 1226; x_wconf 87' lang='lat' dir='ltr'>natura</span> <span class='ocrx_word' id='word_1_146' title='bbox 1315 1191 1529 1227; x_wconf 86' lang='lat' dir='ltr'>inclinante</span> <span class='ocrx_word' id='word_1_147' title='bbox 1552 1192 1590 1227; x_wconf 89' lang='lat' dir='ltr'>in</span> <span class='ocrx_word' id='word_1_148' title='bbox 1619 1192 1725 1229; x_wconf 91' lang='lat' dir='ltr'>hunc</span> 
     </span>
     <span class='ocr_line' id='line_1_18' title="bbox 111 1233 1724 1283; baseline 0.004 -13"><span class='ocrx_word' id='word_1_149' title='bbox 111 1234 244 1278; x_wconf 88' lang='lat' dir='ltr'>finem,</span> <span class='ocrx_word' id='word_1_150' title='bbox 264 1238 301 1270; x_wconf 91' lang='lat' dir='ltr'>et</span> <span class='ocrx_word' id='word_1_151' title='bbox 321 1233 377 1270; x_wconf 87' lang='lat' dir='ltr'>sic</span> <span class='ocrx_word' id='word_1_152' title='bbox 397 1234 541 1271; x_wconf 87' lang='lat' dir='ltr'>dicitur</span> <span class='ocrx_word' id='word_1_153' title='bbox 569 1243 658 1271; x_wconf 89' lang='lat' dir='ltr'>esse</span> <span class='ocrx_word' id='word_1_154' title='bbox 679 1240 827 1272; x_wconf 79' lang='lat' dir='ltr'>naturae</span> <span class='ocrx_word' id='word_1_155' title='bbox 856 1234 1044 1272; x_wconf 82' lang='lat' dir='ltr'>officium.</span> <span class='ocrx_word' id='word_1_156' title='bbox 1068 1238 1303 1283; x_wconf 88' lang='lat' dir='ltr'>Inquantum</span> <span class='ocrx_word' id='word_1_157' title='bbox 1323 1247 1415 1274; x_wconf 89' lang='lat' dir='ltr'>vero</span> <span class='ocrx_word' id='word_1_158' title='bbox 1443 1238 1647 1275; x_wconf 84' lang='lat' dir='ltr'>ordinatur</span> <span class='ocrx_word' id='word_1_159' title='bbox 1675 1239 1724 1276; x_wconf 87' lang='lat' dir='ltr'>ad</span> 
     </span>
     <span class='ocr_line' id='line_1_19' title="bbox 109 1280 1725 1331; baseline 0.004 -15"><span class='ocrx_word' id='word_1_160' title='bbox 109 1280 258 1317; x_wconf 88' lang='lat' dir='ltr'>honum</span> <span class='ocrx_word' id='word_1_161' title='bbox 286 1280 503 1326; x_wconf 90' lang='lat' dir='ltr'>politicum,</span> <span class='ocrx_word' id='word_1_162' title='bbox 526 1281 703 1328; x_wconf 88' lang='lat' dir='ltr'>subjacet</span> <span class='ocrx_word' id='word_1_163' title='bbox 725 1282 962 1319; x_wconf 86' lang='lat' dir='ltr'>ordinationi</span> <span class='ocrx_word' id='word_1_164' title='bbox 981 1282 1109 1320; x_wconf 88' lang='lat' dir='ltr'>civilis</span> <span class='ocrx_word' id='word_1_165' title='bbox 1130 1284 1245 1329; x_wconf 74' lang='lat' dir='ltr'>legis.</span> <span class='ocrx_word' id='word_1_166' title='bbox 1262 1286 1500 1331; x_wconf 90' lang='lat' dir='ltr'>Inquantum</span> <span class='ocrx_word' id='word_1_167' title='bbox 1517 1288 1646 1322; x_wconf 86' lang='lat' dir='ltr'>autem</span> <span class='ocrx_word' id='word_1_168' title='bbox 1666 1295 1725 1323; x_wconf 87' lang='lat' dir='ltr'>or·</span> 
     </span>
     <span class='ocr_line' id='line_1_20' title="bbox 111 1327 1727 1377; baseline 0.004 -13"><span class='ocrx_word' id='word_1_169' title='bbox 111 1327 270 1365; x_wconf 87' lang='lat' dir='ltr'>dinatur</span> <span class='ocrx_word' id='word_1_170' title='bbox 299 1327 347 1364; x_wconf 88' lang='lat' dir='ltr'>ad</span> <span class='ocrx_word' id='word_1_171' title='bbox 374 1327 523 1365; x_wconf 90' lang='lat' dir='ltr'>bonum</span> <span class='ocrx_word' id='word_1_172' title='bbox 554 1329 754 1373; x_wconf 81' lang='lat' dir='ltr'>Ecclesiae,</span> <span class='ocrx_word' id='word_1_173' title='bbox 787 1333 942 1375; x_wconf 87' lang='lat' dir='ltr'>oportet</span> <span class='ocrx_word' id='word_1_174' title='bbox 973 1329 1077 1376; x_wconf 89' lang='lat' dir='ltr'>quod</span> <span class='ocrx_word' id='word_1_175' title='bbox 1108 1330 1311 1376; x_wconf 84' lang='lat' dir='ltr'>subjaceat</span> <span class='ocrx_word' id='word_1_176' title='bbox 1341 1331 1522 1377; x_wconf 85' lang='lat' dir='ltr'>regimini</span> <span class='ocrx_word' id='word_1_177' title='bbox 1542 1332 1727 1371; x_wconf 87' lang='lat' dir='ltr'>ecclesia-</span> 
     </span>
     <span class='ocr_line' id='line_1_21' title="bbox 112 1374 1726 1423; baseline 0.004 -13"><span class='ocrx_word' id='word_1_178' title='bbox 112 1374 227 1411; x_wconf 89' lang='lat' dir='ltr'>stico.</span> <span class='ocrx_word' id='word_1_179' title='bbox 253 1376 304 1411; x_wconf 88' lang='lat' dir='ltr'>Ea</span> <span class='ocrx_word' id='word_1_180' title='bbox 324 1378 454 1411; x_wconf 89' lang='lat' dir='ltr'>autem</span> <span class='ocrx_word' id='word_1_181' title='bbox 476 1384 562 1421; x_wconf 81' lang='lat' dir='ltr'>quae</span> <span class='ocrx_word' id='word_1_182' title='bbox 582 1375 729 1422; x_wconf 90' lang='lat' dir='ltr'>populo</span> <span class='ocrx_word' id='word_1_183' title='bbox 750 1385 818 1422; x_wconf 87' lang='lat' dir='ltr'>per</span> <span class='ocrx_word' id='word_1_184' title='bbox 848 1377 1055 1414; x_wconf 89' lang='lat' dir='ltr'>ministros</span> <span class='ocrx_word' id='word_1_185' title='bbox 1073 1378 1257 1414; x_wconf 69' lang='lat' dir='ltr'>Ecclesiae</span> <span class='ocrx_word' id='word_1_186' title='bbox 1278 1378 1561 1423; x_wconf 87' lang='lat' dir='ltr'>dispensantur</span> <span class='ocrx_word' id='word_1_187' title='bbox 1592 1388 1726 1418; x_wconf 87' lang='lat' dir='ltr'>sacra·</span> 
     </span>
     <span class='ocr_line' id='line_1_22' title="bbox 111 1421 1725 1473; baseline 0.004 -16"><span class='ocrx_word' id='word_1_188' title='bbox 111 1424 246 1458; x_wconf 86' lang='lat' dir='ltr'>menta</span> <span class='ocrx_word' id='word_1_189' title='bbox 265 1421 463 1458; x_wconf 89' lang='lat' dir='ltr'>dicuntur.</span> <span class='ocrx_word' id='word_1_190' title='bbox 481 1422 771 1459; x_wconf 85' lang='lat' dir='ltr'>Matrimonium</span> <span class='ocrx_word' id='word_1_191' title='bbox 792 1423 913 1469; x_wconf 82' lang='lat' dir='ltr'>igitur</span> <span class='ocrx_word' id='word_1_192' title='bbox 934 1423 1152 1461; x_wconf 90' lang='lat' dir='ltr'>secundum</span> <span class='ocrx_word' id='word_1_193' title='bbox 1170 1424 1276 1470; x_wconf 82' lang='lat' dir='ltr'>quod</span> <span class='ocrx_word' id='word_1_194' title='bbox 1298 1425 1480 1462; x_wconf 88' lang='lat' dir='ltr'>consistit</span> <span class='ocrx_word' id='word_1_195' title='bbox 1498 1425 1539 1462; x_wconf 89' lang='lat' dir='ltr'>in</span> <span class='ocrx_word' id='word_1_196' title='bbox 1559 1427 1725 1473; x_wconf 77' lang='lat' dir='ltr'>conJun-</span> 
     </span>
     <span class='ocr_line' id='line_1_23' title="bbox 112 1468 1727 1518; baseline 0.004 -13"><span class='ocrx_word' id='word_1_197' title='bbox 112 1468 244 1505; x_wconf 86' lang='lat' dir='ltr'>ctione</span> <span class='ocrx_word' id='word_1_198' title='bbox 282 1468 404 1505; x_wconf 90' lang='lat' dir='ltr'>maris</span> <span class='ocrx_word' id='word_1_199' title='bbox 424 1472 463 1504; x_wconf 89' lang='lat' dir='ltr'>et</span> <span class='ocrx_word' id='word_1_200' title='bbox 490 1469 645 1505; x_wconf 60' lang='lat' dir='ltr'>feminae</span> <span class='ocrx_word' id='word_1_201' title='bbox 665 1469 952 1507; x_wconf 87' lang='lat' dir='ltr'>intendentium</span> <span class='ocrx_word' id='word_1_202' title='bbox 976 1471 1125 1516; x_wconf 88' lang='lat' dir='ltr'>prolem</span> <span class='ocrx_word' id='word_1_203' title='bbox 1146 1472 1193 1508; x_wconf 89' lang='lat' dir='ltr'>ad</span> <span class='ocrx_word' id='word_1_204' title='bbox 1216 1472 1364 1508; x_wconf 92' lang='lat' dir='ltr'>cultum</span> <span class='ocrx_word' id='word_1_205' title='bbox 1390 1472 1456 1508; x_wconf 87' lang='lat' dir='ltr'>Dei</span> <span class='ocrx_word' id='word_1_206' title='bbox 1480 1481 1668 1518; x_wconf 86' lang='lat' dir='ltr'>generare</span> <span class='ocrx_word' id='word_1_207' title='bbox 1688 1477 1727 1512; x_wconf 89' lang='lat' dir='ltr'>et</span> 
     </span>
     <span class='ocr_line' id='line_1_24' title="bbox 113 1514 1724 1565; baseline 0.004 -14"><span class='ocrx_word' id='word_1_208' title='bbox 113 1514 282 1551; x_wconf 86' lang='lat' dir='ltr'>educare</span> <span class='ocrx_word' id='word_1_209' title='bbox 309 1518 370 1552; x_wconf 92' lang='lat' dir='ltr'>est</span> <span class='ocrx_word' id='word_1_210' title='bbox 402 1514 585 1552; x_wconf 86' lang='lat' dir='ltr'>Ecclesiae</span> <span class='ocrx_word' id='word_1_211' title='bbox 607 1521 898 1553; x_wconf 89' lang='lat' dir='ltr'>sacramentum</span> <span class='ocrx_word' id='word_1_212' title='bbox 916 1529 924 1553; x_wconf 75' lang='grc' dir='ltr'>ε</span> <span class='ocrx_word' id='word_1_213' title='bbox 951 1517 1055 1554; x_wconf 89' lang='lat' dir='ltr'>unde</span> <span class='ocrx_word' id='word_1_214' title='bbox 1073 1522 1109 1554; x_wconf 92' lang='lat' dir='ltr'>et</span> <span class='ocrx_word' id='word_1_215' title='bbox 1130 1519 1308 1565; x_wconf 81' lang='lat' dir='ltr'>quaedam</span> <span class='ocrx_word' id='word_1_216' title='bbox 1328 1519 1552 1556; x_wconf 82' lang='lat' dir='ltr'>benedictio</span> <span class='ocrx_word' id='word_1_217' title='bbox 1573 1520 1724 1558; x_wconf 88' lang='lat' dir='ltr'>nuben-</span> 
     </span>
     <span class='ocr_line' id='line_1_25' title="bbox 111 1561 1725 1614; baseline 0.005 -16"><span class='ocrx_word' id='word_1_218' title='bbox 111 1561 223 1598; x_wconf 87' lang='lat' dir='ltr'>tibus</span> <span class='ocrx_word' id='word_1_219' title='bbox 253 1571 323 1608; x_wconf 90' lang='lat' dir='ltr'>per</span> <span class='ocrx_word' id='word_1_220' title='bbox 345 1562 551 1599; x_wconf 90' lang='lat' dir='ltr'>ministros</span> <span class='ocrx_word' id='word_1_221' title='bbox 572 1563 755 1601; x_wconf 73' lang='lat' dir='ltr'>Ecclesiae</span> <span class='ocrx_word' id='word_1_222' title='bbox 774 1563 1002 1601; x_wconf 87' lang='lat' dir='ltr'>adhibetur:</span> <span class='ocrx_word' id='word_1_223' title='bbox 1025 1568 1063 1601; x_wconf 89' lang='lat' dir='ltr'>et</span> <span class='ocrx_word' id='word_1_224' title='bbox 1083 1565 1186 1602; x_wconf 89' lang='lat' dir='ltr'>sicut</span> <span class='ocrx_word' id='word_1_225' title='bbox 1205 1566 1244 1601; x_wconf 91' lang='lat' dir='ltr'>in</span> <span class='ocrx_word' id='word_1_226' title='bbox 1264 1565 1355 1602; x_wconf 85' lang='lat' dir='ltr'>aliis</span> <span class='ocrx_word' id='word_1_227' title='bbox 1376 1567 1635 1605; x_wconf 85' lang='lat' dir='ltr'>sacramentis</span> <span class='ocrx_word' id='word_1_228' title='bbox 1655 1577 1725 1614; x_wconf 88' lang='lat' dir='ltr'>per</span> 
     </span>
     <span class='ocr_line' id='line_1_26' title="bbox 111 1609 1726 1658; baseline 0.006 -14"><span class='ocrx_word' id='word_1_229' title='bbox 111 1617 160 1645; x_wconf 86' lang='lat' dir='ltr'>ea</span> <span class='ocrx_word' id='word_1_230' title='bbox 183 1617 270 1655; x_wconf 82' lang='lat' dir='ltr'>quae</span> <span class='ocrx_word' id='word_1_231' title='bbox 287 1609 460 1653; x_wconf 79' lang='lat' dir='ltr'>exterius</span> <span class='ocrx_word' id='word_1_232' title='bbox 481 1612 652 1656; x_wconf 85' lang='lat' dir='ltr'>aguntur</span> <span class='ocrx_word' id='word_1_233' title='bbox 671 1610 874 1657; x_wconf 87' lang='lat' dir='ltr'>spirituale</span> <span class='ocrx_word' id='word_1_234' title='bbox 905 1610 1053 1657; x_wconf 85' lang='lat' dir='ltr'>aliquid</span> <span class='ocrx_word' id='word_1_235' title='bbox 1076 1611 1279 1658; x_wconf 81' lang='lat' dir='ltr'>figuratur,</span> <span class='ocrx_word' id='word_1_236' title='bbox 1303 1613 1360 1649; x_wconf 90' lang='lat' dir='ltr'>sic</span> <span class='ocrx_word' id='word_1_237' title='bbox 1381 1617 1419 1649; x_wconf 91' lang='lat' dir='ltr'>et</span> <span class='ocrx_word' id='word_1_238' title='bbox 1438 1613 1478 1650; x_wconf 92' lang='lat' dir='ltr'>in</span> <span class='ocrx_word' id='word_1_239' title='bbox 1494 1613 1570 1650; x_wconf 88' lang='lat' dir='ltr'>hoc</span> <span class='ocrx_word' id='word_1_240' title='bbox 1597 1623 1726 1653; x_wconf 86' lang='lat' dir='ltr'>sacra-</span> 
     </span>
     <span class='ocr_line' id='line_1_27' title="bbox 112 1656 1725 1705; baseline 0.005 -13"><span class='ocrx_word' id='word_1_241' title='bbox 112 1659 248 1693; x_wconf 89' lang='lat' dir='ltr'>mento</span> <span class='ocrx_word' id='word_1_242' title='bbox 268 1665 338 1702; x_wconf 86' lang='lat' dir='ltr'>per</span> <span class='ocrx_word' id='word_1_243' title='bbox 354 1656 675 1702; x_wconf 90' lang='lat' dir='ltr'>conjunctionem</span> <span class='ocrx_word' id='word_1_244' title='bbox 704 1658 826 1694; x_wconf 88' lang='lat' dir='ltr'>maris</span> <span class='ocrx_word' id='word_1_245' title='bbox 845 1660 883 1694; x_wconf 88' lang='lat' dir='ltr'>et</span> <span class='ocrx_word' id='word_1_246' title='bbox 911 1658 1066 1695; x_wconf 77' lang='lat' dir='ltr'>feminae</span> <span class='ocrx_word' id='word_1_247' title='bbox 1083 1658 1308 1705; x_wconf 86' lang='lat' dir='ltr'>conjunctio</span> <span class='ocrx_word' id='word_1_248' title='bbox 1329 1659 1469 1697; x_wconf 84' lang='lat' dir='ltr'>Christi</span> <span class='ocrx_word' id='word_1_249' title='bbox 1487 1664 1524 1697; x_wconf 88' lang='lat' dir='ltr'>et</span> <span class='ocrx_word' id='word_1_250' title='bbox 1541 1662 1725 1700; x_wconf 78' lang='lat' dir='ltr'>Ecclesiae</span> 
     </span>
     <span class='ocr_line' id='line_1_28' title="bbox 111 1702 1726 1751; baseline 0.005 -13"><span class='ocrx_word' id='word_1_251' title='bbox 111 1702 318 1749; x_wconf 87' lang='lat' dir='ltr'>figuratur,</span> <span class='ocrx_word' id='word_1_252' title='bbox 340 1702 558 1740; x_wconf 87' lang='lat' dir='ltr'>secundum</span> <span class='ocrx_word' id='word_1_253' title='bbox 579 1703 675 1740; x_wconf 90' lang='lat' dir='ltr'>illud</span> <span class='ocrx_word' id='word_1_254' title='bbox 695 1704 870 1749; x_wconf 84' lang='lat' dir='ltr'>Apostoli</span> <span class='ocrx_word' id='word_1_255' title='bbox 894 1704 942 1742; x_wconf 86' lang='lat' dir='ltr'>ad</span> <span class='ocrx_word' id='word_1_256' title='bbox 964 1705 1120 1750; x_wconf 69' lang='lat' dir='ltr'>Ephes„</span> <span class='ocrx_word' id='word_1_257' title='bbox 1141 1715 1180 1751; x_wconf 87' lang='lat' dir='ltr'>v,</span> <span class='ocrx_word' id='word_1_258' title='bbox 1200 1709 1245 1742; x_wconf 78' lang='lat'>32</span> <span class='ocrx_word' id='word_1_259' title='bbox 1261 1718 1270 1742; x_wconf 77' lang='lat' dir='ltr'><em>z</em></span> <span class='ocrx_word' id='word_1_260' title='bbox 1286 1707 1557 1743; x_wconf 77' lang='lat' dir='ltr'>Sacramentum</span> <span class='ocrx_word' id='word_1_261' title='bbox 1576 1709 1639 1744; x_wconf 82' lang='lat' dir='ltr'>hoc</span> <span class='ocrx_word' id='word_1_262' title='bbox 1651 1719 1726 1746; x_wconf 85' lang='lat' dir='ltr'>ma-</span> 
     </span>
     <span class='ocr_line' id='line_1_29' title="bbox 112 1750 1726 1799; baseline 0.006 -15"><span class='ocrx_word' id='word_1_263' title='bbox 112 1759 222 1794; x_wconf 73' lang='lat' dir='ltr'>ynum</span> <span class='ocrx_word' id='word_1_264' title='bbox 241 1752 292 1785; x_wconf 84' lang='lat' dir='ltr'>est</span> <span class='ocrx_word' id='word_1_265' title='bbox 309 1762 321 1785; x_wconf 82' lang='lat'>.-</span> <span class='ocrx_word' id='word_1_266' title='bbox 342 1759 404 1794; x_wconf 72' lang='lat' dir='ltr'>eqo</span> <span class='ocrx_word' id='word_1_267' title='bbox 421 1753 537 1785; x_wconf 79' lang='lat' dir='ltr'>autem</span> <span class='ocrx_word' id='word_1_268' title='bbox 551 1750 629 1786; x_wconf 75' lang='lat' dir='ltr'>dico</span> <span class='ocrx_word' id='word_1_269' title='bbox 648 1753 688 1786; x_wconf 81' lang='lat' dir='ltr'>in</span> <span class='ocrx_word' id='word_1_270' title='bbox 708 1751 847 1788; x_wconf 78' lang='lat' dir='ltr'>Christo</span> <span class='ocrx_word' id='word_1_271' title='bbox 867 1754 900 1787; x_wconf 78' lang='lat' dir='ltr'>et</span> <span class='ocrx_word' id='word_1_272' title='bbox 918 1753 1089 1788; x_wconf 75' lang='lat' dir='ltr'>Ecclesia.</span> <span class='ocrx_word' id='word_1_273' title='bbox 1113 1754 1156 1788; x_wconf 86' lang='lat' dir='ltr'>Et</span> <span class='ocrx_word' id='word_1_274' title='bbox 1171 1753 1264 1799; x_wconf 80' lang='lat' dir='ltr'>quia</span> <span class='ocrx_word' id='word_1_275' title='bbox 1284 1758 1531 1791; x_wconf 81' lang='lat' dir='ltr'>sacramenta</span> <span class='ocrx_word' id='word_1_276' title='bbox 1550 1755 1726 1793; x_wconf 83' lang='lat' dir='ltr'>efficiunt</span> 
     </span>
     <span class='ocr_line' id='line_1_30' title="bbox 113 1795 1724 1846; baseline 0.005 -14"><span class='ocrx_word' id='word_1_277' title='bbox 113 1796 219 1843; x_wconf 89' lang='lat' dir='ltr'>quod</span> <span class='ocrx_word' id='word_1_278' title='bbox 249 1795 433 1843; x_wconf 80' lang='lat' dir='ltr'>figurant,</span> <span class='ocrx_word' id='word_1_279' title='bbox 467 1797 704 1835; x_wconf 83' lang='lat' dir='ltr'>credendum</span> <span class='ocrx_word' id='word_1_280' title='bbox 735 1802 794 1835; x_wconf 87' lang='lat' dir='ltr'>est</span> <span class='ocrx_word' id='word_1_281' title='bbox 822 1798 928 1845; x_wconf 85' lang='lat' dir='ltr'>quod</span> <span class='ocrx_word' id='word_1_282' title='bbox 961 1799 1202 1836; x_wconf 89' lang='lat' dir='ltr'>nubentibus</span> <span class='ocrx_word' id='word_1_283' title='bbox 1234 1809 1305 1846; x_wconf 89' lang='lat' dir='ltr'>per</span> <span class='ocrx_word' id='word_1_284' title='bbox 1336 1801 1411 1837; x_wconf 94' lang='lat' dir='ltr'>hoc</span> <span class='ocrx_word' id='word_1_285' title='bbox 1432 1806 1724 1841; x_wconf 86' lang='lat' dir='ltr'>sacramentum</span> 
     </span>
     <span class='ocr_line' id='line_1_31' title="bbox 113 1843 1723 1894; baseline 0.003 -15"><span class='ocrx_word' id='word_1_286' title='bbox 113 1843 240 1890; x_wconf 87' lang='lat' dir='ltr'>gratia</span> <span class='ocrx_word' id='word_1_287' title='bbox 270 1843 508 1885; x_wconf 82' lang='lat' dir='ltr'>conseratur,</span> <span class='ocrx_word' id='word_1_288' title='bbox 531 1853 601 1890; x_wconf 84' lang='lat' dir='ltr'>per</span> <span class='ocrx_word' id='word_1_289' title='bbox 618 1854 735 1891; x_wconf 87' lang='lat' dir='ltr'>quam</span> <span class='ocrx_word' id='word_1_290' title='bbox 754 1845 802 1882; x_wconf 88' lang='lat' dir='ltr'>ad</span> <span class='ocrx_word' id='word_1_291' title='bbox 822 1846 1012 1883; x_wconf 90' lang='lat' dir='ltr'>unionem</span> <span class='ocrx_word' id='word_1_292' title='bbox 1032 1846 1176 1883; x_wconf 84' lang='lat' dir='ltr'>Christi</span> <span class='ocrx_word' id='word_1_293' title='bbox 1203 1850 1242 1883; x_wconf 88' lang='lat' dir='ltr'>et</span> <span class='ocrx_word' id='word_1_294' title='bbox 1267 1847 1451 1884; x_wconf 85' lang='lat' dir='ltr'>Ecclesiae</span> <span class='ocrx_word' id='word_1_295' title='bbox 1472 1850 1692 1894; x_wconf 86' lang='lat' dir='ltr'>pertineant</span> <span class='ocrx_word' id='word_1_296' title='bbox 1714 1860 1723 1884; x_wconf 93' lang='lat'>:</span> 
     </span>
     <span class='ocr_line' id='line_1_32' title="bbox 111 1889 1723 1941; baseline 0.004 -15"><span class='ocrx_word' id='word_1_297' title='bbox 111 1889 219 1936; x_wconf 77' lang='lat' dir='ltr'>quod</span> <span class='ocrx_word' id='word_1_298' title='bbox 238 1889 297 1927; x_wconf 89' lang='lat' dir='ltr'>eis</span> <span class='ocrx_word' id='word_1_299' title='bbox 317 1890 486 1927; x_wconf 83' lang='lat' dir='ltr'>maxime</span> <span class='ocrx_word' id='word_1_300' title='bbox 506 1892 777 1928; x_wconf 85' lang='lat' dir='ltr'>necessarium</span> <span class='ocrx_word' id='word_1_301' title='bbox 792 1895 865 1936; x_wconf 86' lang='lat' dir='ltr'>est,</span> <span class='ocrx_word' id='word_1_302' title='bbox 879 1897 923 1929; x_wconf 86' lang='lat' dir='ltr'>ut</span> <span class='ocrx_word' id='word_1_303' title='bbox 939 1892 996 1930; x_wconf 92' lang='lat' dir='ltr'>sic</span> <span class='ocrx_word' id='word_1_304' title='bbox 1016 1893 1242 1931; x_wconf 87' lang='lat' dir='ltr'>carnalibus</span> <span class='ocrx_word' id='word_1_305' title='bbox 1262 1897 1300 1930; x_wconf 87' lang='lat' dir='ltr'>et</span> <span class='ocrx_word' id='word_1_306' title='bbox 1318 1895 1487 1932; x_wconf 86' lang='lat' dir='ltr'>terrenis</span> <span class='ocrx_word' id='word_1_307' title='bbox 1504 1895 1723 1941; x_wconf 81' lang='lat' dir='ltr'>intendant,</span> 
     </span>
     <span class='ocr_line' id='line_1_33' title="bbox 112 1936 1199 1986; baseline 0.004 -13"><span class='ocrx_word' id='word_1_308' title='bbox 112 1936 218 1984; x_wconf 92' lang='lat' dir='ltr'>quod</span> <span class='ocrx_word' id='word_1_309' title='bbox 238 1946 262 1974; x_wconf 86' lang='lat' dir='ltr'>a</span> <span class='ocrx_word' id='word_1_310' title='bbox 282 1936 434 1974; x_wconf 90' lang='lat' dir='ltr'>Christo</span> <span class='ocrx_word' id='word_1_311' title='bbox 449 1941 488 1974; x_wconf 90' lang='lat' dir='ltr'>et</span> <span class='ocrx_word' id='word_1_312' title='bbox 506 1938 682 1975; x_wconf 87' lang='lat' dir='ltr'>Ecclesia</span> <span class='ocrx_word' id='word_1_313' title='bbox 702 1948 782 1975; x_wconf 91' lang='lat' dir='ltr'>non</span> <span class='ocrx_word' id='word_1_314' title='bbox 802 1939 1099 1986; x_wconf 83' lang='lat' dir='ltr'>disjunguntur.</span> <span class='ocrx_word' id='word_1_315' title='bbox 1194 1981 1199 1984; x_wconf 52' lang='lat'>‚</span> 
     </span>
    </p>

    <p class='ocr_par' dir='ltr' id='par_1_6' title="bbox 106 1982 1726 2453">
     <span class='ocr_line' id='line_1_34' title="bbox 160 1982 1726 2031; baseline 0.004 -10"><span class='ocrx_word' id='word_1_316' title='bbox 160 1982 260 2028; x_wconf 81' lang='lat' dir='ltr'>Quia</span> <span class='ocrx_word' id='word_1_317' title='bbox 277 1983 287 2020; x_wconf 92' lang='lat' dir='ltr'>i</span> <span class='ocrx_word' id='word_1_318' title='bbox 319 1984 396 2021; x_wconf 90' lang='lat' dir='ltr'>itur</span> <span class='ocrx_word' id='word_1_319' title='bbox 412 1993 482 2030; x_wconf 89' lang='lat' dir='ltr'>per</span> <span class='ocrx_word' id='word_1_320' title='bbox 496 1985 816 2031; x_wconf 75' lang='lat' dir='ltr'>conjunctionem</span> <span class='ocrx_word' id='word_1_321' title='bbox 838 1987 958 2023; x_wconf 90' lang='lat' dir='ltr'>maris</span> <span class='ocrx_word' id='word_1_322' title='bbox 979 1990 1016 2023; x_wconf 93' lang='lat' dir='ltr'>et</span> <span class='ocrx_word' id='word_1_323' title='bbox 1032 1986 1188 2023; x_wconf 75' lang='lat' dir='ltr'>feminee</span> <span class='ocrx_word' id='word_1_324' title='bbox 1203 1987 1345 2025; x_wconf 89' lang='lat' dir='ltr'>Christi</span> <span class='ocrx_word' id='word_1_325' title='bbox 1365 1991 1404 2024; x_wconf 89' lang='lat' dir='ltr'>et</span> <span class='ocrx_word' id='word_1_326' title='bbox 1433 1989 1616 2027; x_wconf 85' lang='lat' dir='ltr'>Ecclesiae</span> <span class='ocrx_word' id='word_1_327' title='bbox 1633 2000 1726 2029; x_wconf 89' lang='lat' dir='ltr'>con-</span> 
     </span>
     <span class='ocr_line' id='line_1_35' title="bbox 108 2030 1725 2084; baseline 0.004 -17"><span class='ocrx_word' id='word_1_328' title='bbox 108 2030 263 2077; x_wconf 84' lang='lat' dir='ltr'>junctio</span> <span class='ocrx_word' id='word_1_329' title='bbox 311 2031 528 2078; x_wconf 82' lang='lat' dir='ltr'>esignatur,</span> <span class='ocrx_word' id='word_1_330' title='bbox 566 2036 719 2078; x_wconf 87' lang='lat' dir='ltr'>oportet</span> <span class='ocrx_word' id='word_1_331' title='bbox 741 2033 847 2079; x_wconf 86' lang='lat' dir='ltr'>quod</span> <span class='ocrx_word' id='word_1_332' title='bbox 878 2033 1007 2080; x_wconf 83' lang='lat' dir='ltr'>figura</span> <span class='ocrx_word' id='word_1_333' title='bbox 1039 2034 1265 2080; x_wconf 86' lang='lat' dir='ltr'>significato</span> <span class='ocrx_word' id='word_1_334' title='bbox 1285 2035 1725 2084; x_wconf 84' lang='lat' dir='ltr'>respondeat.Conj1m-</span> 
     </span>
     <span class='ocr_line' id='line_1_36' title="bbox 111 2077 1723 2128; baseline 0.005 -15"><span class='ocrx_word' id='word_1_335' title='bbox 111 2077 191 2114; x_wconf 90' lang='lat' dir='ltr'>ctio</span> <span class='ocrx_word' id='word_1_336' title='bbox 223 2080 354 2114; x_wconf 88' lang='lat' dir='ltr'>autem</span> <span class='ocrx_word' id='word_1_337' title='bbox 387 2077 528 2115; x_wconf 87' lang='lat' dir='ltr'>Christi</span> <span class='ocrx_word' id='word_1_338' title='bbox 558 2083 597 2115; x_wconf 87' lang='lat' dir='ltr'>et</span> <span class='ocrx_word' id='word_1_339' title='bbox 618 2079 802 2116; x_wconf 80' lang='lat' dir='ltr'>Ecclesiae</span> <span class='ocrx_word' id='word_1_340' title='bbox 823 2084 883 2117; x_wconf 89' lang='lat' dir='ltr'>est</span> <span class='ocrx_word' id='word_1_341' title='bbox 913 2080 1032 2117; x_wconf 89' lang='lat' dir='ltr'>unius</span> <span class='ocrx_word' id='word_1_342' title='bbox 1052 2081 1102 2118; x_wconf 85' lang='lat' dir='ltr'>ad</span> <span class='ocrx_word' id='word_1_343' title='bbox 1122 2090 1241 2118; x_wconf 86' lang='lat' dir='ltr'>unam</span> <span class='ocrx_word' id='word_1_344' title='bbox 1261 2085 1449 2128; x_wconf 89' lang='lat' dir='ltr'>perpetuo</span> <span class='ocrx_word' id='word_1_345' title='bbox 1469 2082 1690 2122; x_wconf 87' lang='lat' dir='ltr'>habendam</span> <span class='ocrx_word' id='word_1_346' title='bbox 1713 2098 1723 2128; x_wconf 90' lang='lat'>;</span> 
     </span>
     <span class='ocr_line' id='line_1_37' title="bbox 112 2124 1724 2176; baseline 0.004 -16"><span class='ocrx_word' id='word_1_347' title='bbox 112 2127 174 2161; x_wconf 90' lang='lat' dir='ltr'>est</span> <span class='ocrx_word' id='word_1_348' title='bbox 193 2124 298 2160; x_wconf 90' lang='lat' dir='ltr'>enim</span> <span class='ocrx_word' id='word_1_349' title='bbox 320 2133 398 2161; x_wconf 90' lang='lat' dir='ltr'>una</span> <span class='ocrx_word' id='word_1_350' title='bbox 417 2124 606 2169; x_wconf 88' lang='lat' dir='ltr'>Ecclesia,</span> <span class='ocrx_word' id='word_1_351' title='bbox 628 2127 847 2163; x_wconf 86' lang='lat' dir='ltr'>secundum</span> <span class='ocrx_word' id='word_1_352' title='bbox 867 2127 964 2163; x_wconf 93' lang='lat' dir='ltr'>illud</span> <span class='ocrx_word' id='word_1_353' title='bbox 980 2128 1105 2171; x_wconf 66' lang='lat' dir='ltr'>Cant„</span> <span class='ocrx_word' id='word_1_354' title='bbox 1123 2136 1182 2171; x_wconf 82' lang='lat' dir='ltr'>vi,</span> <span class='ocrx_word' id='word_1_355' title='bbox 1203 2130 1223 2165; x_wconf 88' lang='lat'>8</span> <span class='ocrx_word' id='word_1_356' title='bbox 1241 2140 1249 2164; x_wconf 76' lang='grc' dir='ltr'><strong><em>ε</em></strong></span> <span class='ocrx_word' id='word_1_357' title='bbox 1272 2130 1351 2164; x_wconf 80' lang='lat' dir='ltr'>Una</span> <span class='ocrx_word' id='word_1_358' title='bbox 1370 2132 1421 2164; x_wconf 78' lang='lat' dir='ltr'>est</span> <span class='ocrx_word' id='word_1_359' title='bbox 1442 2131 1605 2166; x_wconf 83' lang='lat' dir='ltr'>columba</span> <span class='ocrx_word' id='word_1_360' title='bbox 1630 2142 1724 2176; x_wconf 84' lang='lat' dir='ltr'>mea,</span> 
     </span>
     <span class='ocr_line' id='line_1_38' title="bbox 106 2171 1723 2220; baseline 0.006 -15"><span class='ocrx_word' id='word_1_361' title='bbox 106 2171 271 2216; x_wconf 80' lang='lat' dir='ltr'>perfecta</span> <span class='ocrx_word' id='word_1_362' title='bbox 289 2181 392 2214; x_wconf 84' lang='lat' dir='ltr'>mea;</span> <span class='ocrx_word' id='word_1_363' title='bbox 414 2179 486 2208; x_wconf 90' lang='lat' dir='ltr'>nec</span> <span class='ocrx_word' id='word_1_364' title='bbox 506 2181 680 2217; x_wconf 79' lang='lat' dir='ltr'>unquam</span> <span class='ocrx_word' id='word_1_365' title='bbox 697 2173 875 2211; x_wconf 87' lang='lat' dir='ltr'>Christus</span> <span class='ocrx_word' id='word_1_366' title='bbox 890 2183 913 2210; x_wconf 89' lang='lat' dir='ltr'>a</span> <span class='ocrx_word' id='word_1_367' title='bbox 934 2183 1007 2210; x_wconf 82' lang='lat' dir='ltr'>sua</span> <span class='ocrx_word' id='word_1_368' title='bbox 1026 2175 1201 2212; x_wconf 82' lang='lat' dir='ltr'>Ecclesia</span> <span class='ocrx_word' id='word_1_369' title='bbox 1215 2175 1487 2220; x_wconf 88' lang='lat' dir='ltr'>separabitur:</span> <span class='ocrx_word' id='word_1_370' title='bbox 1510 2177 1605 2213; x_wconf 89' lang='lat' dir='ltr'>dicit</span> <span class='ocrx_word' id='word_1_371' title='bbox 1618 2179 1723 2216; x_wconf 90' lang='lat' dir='ltr'>enim</span> 
     </span>
     <span class='ocr_line' id='line_1_39' title="bbox 110 2218 1724 2266; baseline 0.004 -12"><span class='ocrx_word' id='word_1_372' title='bbox 110 2218 211 2263; x_wconf 86' lang='lat' dir='ltr'>ipse,</span> <span class='ocrx_word' id='word_1_373' title='bbox 228 2218 375 2254; x_wconf 84' lang='lat' dir='ltr'>Matth..</span> <span class='ocrx_word' id='word_1_374' title='bbox 401 2225 541 2261; x_wconf 83' lang='lat' dir='ltr'>XXVIII,</span> <span class='ocrx_word' id='word_1_375' title='bbox 554 2221 600 2255; x_wconf 82' lang='lat'>20</span> <span class='ocrx_word' id='word_1_376' title='bbox 622 2231 630 2254; x_wconf 91' lang='lat'><strong>:</strong></span> <span class='ocrx_word' id='word_1_377' title='bbox 650 2221 738 2255; x_wconf 84' lang='lat' dir='ltr'>Ecce</span> <span class='ocrx_word' id='word_1_378' title='bbox 754 2230 815 2264; x_wconf 72' lang='lat'>990</span> <span class='ocrx_word' id='word_1_379' title='bbox 845 2221 1025 2256; x_wconf 78' lang='lat' dir='ltr'>vobiscum</span> <span class='ocrx_word' id='word_1_380' title='bbox 1043 2232 1167 2257; x_wconf 81' lang='lat' dir='ltr'>sum...</span> <span class='ocrx_word' id='word_1_381' title='bbox 1186 2231 1298 2266; x_wconf 81' lang='lat' dir='ltr'>usque</span> <span class='ocrx_word' id='word_1_382' title='bbox 1323 2223 1372 2257; x_wconf 78' lang='lat' dir='ltr'>ad</span> <span class='ocrx_word' id='word_1_383' title='bbox 1389 2226 1724 2261; x_wconf 79' lang='lat' dir='ltr'>consummationem</span> 
     </span>
     <span class='ocr_line' id='line_1_40' title="bbox 109 2264 1721 2316; baseline 0.004 -15"><span class='ocrx_word' id='word_1_384' title='bbox 109 2265 256 2307; x_wconf 79' lang='lat' dir='ltr'>saeculz&#39;3</span> <span class='ocrx_word' id='word_1_385' title='bbox 272 2268 310 2301; x_wconf 89' lang='lat' dir='ltr'>et</span> <span class='ocrx_word' id='word_1_386' title='bbox 329 2264 495 2302; x_wconf 88' lang='lat' dir='ltr'>ulterius</span> <span class='ocrx_word' id='word_1_387' title='bbox 513 2277 520 2301; x_wconf 90' lang='lat'>:</span> <span class='ocrx_word' id='word_1_388' title='bbox 536 2265 680 2310; x_wconf 76' lang='lat' dir='ltr'>Semper</span> <span class='ocrx_word' id='word_1_389' title='bbox 699 2276 778 2301; x_wconf 85' lang='lat' dir='ltr'>cum</span> <span class='ocrx_word' id='word_1_390' title='bbox 794 2268 943 2302; x_wconf 80' lang='lat' dir='ltr'>Domino</span> <span class='ocrx_word' id='word_1_391' title='bbox 960 2269 1106 2312; x_wconf 72' lang='lat' dir='ltr'>erimus,</span> <span class='ocrx_word' id='word_1_392' title='bbox 1124 2272 1167 2304; x_wconf 93' lang='lat' dir='ltr'>ut</span> <span class='ocrx_word' id='word_1_393' title='bbox 1181 2268 1336 2308; x_wconf 89' lang='lat' dir='ltr'>dicitur,</span> <span class='ocrx_word' id='word_1_394' title='bbox 1352 2270 1367 2305; x_wconf 91' lang='grc' dir='ltr'><strong>Ι</strong></span> <span class='ocrx_word' id='word_1_395' title='bbox 1384 2269 1577 2314; x_wconf 65' lang='lat' dir='ltr'>Thessal„</span> <span class='ocrx_word' id='word_1_396' title='bbox 1593 2280 1648 2316; x_wconf 82' lang='lat' dir='ltr'>lv,</span> <span class='ocrx_word' id='word_1_397' title='bbox 1664 2274 1721 2309; x_wconf 83' lang='lat'>16.</span> 
     </span>
     <span class='ocr_line' id='line_1_41' title="bbox 109 2311 1722 2361; baseline 0.004 -13"><span class='ocrx_word' id='word_1_398' title='bbox 109 2311 282 2348; x_wconf 89' lang='lat' dir='ltr'>Necesse</span> <span class='ocrx_word' id='word_1_399' title='bbox 308 2315 368 2349; x_wconf 89' lang='lat' dir='ltr'>est</span> <span class='ocrx_word' id='word_1_400' title='bbox 389 2311 511 2358; x_wconf 83' lang='lat' dir='ltr'>igitur</span> <span class='ocrx_word' id='word_1_401' title='bbox 529 2312 634 2358; x_wconf 88' lang='lat' dir='ltr'>quod</span> <span class='ocrx_word' id='word_1_402' title='bbox 652 2313 959 2358; x_wconf 88' lang='lat' dir='ltr'>Matrimonium,</span> <span class='ocrx_word' id='word_1_403' title='bbox 982 2314 1201 2351; x_wconf 87' lang='lat' dir='ltr'>secundum</span> <span class='ocrx_word' id='word_1_404' title='bbox 1231 2316 1336 2361; x_wconf 85' lang='lat' dir='ltr'>quod</span> <span class='ocrx_word' id='word_1_405' title='bbox 1371 2319 1432 2352; x_wconf 89' lang='lat' dir='ltr'>est</span> <span class='ocrx_word' id='word_1_406' title='bbox 1457 2317 1640 2354; x_wconf 78' lang='lat' dir='ltr'>Ecclesiae</span> <span class='ocrx_word' id='word_1_407' title='bbox 1658 2327 1722 2355; x_wconf 86' lang='lat' dir='ltr'>sa-</span> 
     </span>
     <span class='ocr_line' id='line_1_42' title="bbox 111 2358 1723 2409; baseline 0.005 -15"><span class='ocrx_word' id='word_1_408' title='bbox 111 2362 370 2403; x_wconf 90' lang='lat' dir='ltr'>cramentum,</span> <span class='ocrx_word' id='word_1_409' title='bbox 393 2359 445 2396; x_wconf 88' lang='lat' dir='ltr'>sit</span> <span class='ocrx_word' id='word_1_410' title='bbox 465 2358 585 2396; x_wconf 90' lang='lat' dir='ltr'>unius</span> <span class='ocrx_word' id='word_1_411' title='bbox 606 2359 654 2396; x_wconf 90' lang='lat' dir='ltr'>ad</span> <span class='ocrx_word' id='word_1_412' title='bbox 676 2369 793 2396; x_wconf 88' lang='lat' dir='ltr'>unam</span> <span class='ocrx_word' id='word_1_413' title='bbox 814 2360 1107 2398; x_wconf 89' lang='lat' dir='ltr'>indivisibiliter</span> <span class='ocrx_word' id='word_1_414' title='bbox 1124 2361 1345 2398; x_wconf 89' lang='lat' dir='ltr'>habendam</span> <span class='ocrx_word' id='word_1_415' title='bbox 1369 2374 1377 2398; x_wconf 74' lang='grc' dir='ltr'>ε</span> <span class='ocrx_word' id='word_1_416' title='bbox 1399 2365 1438 2399; x_wconf 90' lang='lat' dir='ltr'>et</span> <span class='ocrx_word' id='word_1_417' title='bbox 1454 2363 1530 2399; x_wconf 92' lang='lat' dir='ltr'>hoc</span> <span class='ocrx_word' id='word_1_418' title='bbox 1554 2364 1723 2409; x_wconf 86' lang='lat' dir='ltr'>pertinet</span> 
     </span>
     <span class='ocr_line' id='line_1_43' title="bbox 110 2405 1212 2453; baseline 0.002 -11"><span class='ocrx_word' id='word_1_419' title='bbox 110 2405 160 2442; x_wconf 85' lang='lat' dir='ltr'>ad</span> <span class='ocrx_word' id='word_1_420' title='bbox 179 2405 310 2449; x_wconf 89' lang='lat' dir='ltr'>fidem,</span> <span class='ocrx_word' id='word_1_421' title='bbox 333 2415 410 2452; x_wconf 89' lang='lat' dir='ltr'>qua</span> <span class='ocrx_word' id='word_1_422' title='bbox 429 2405 505 2442; x_wconf 91' lang='lat' dir='ltr'>sibi</span> <span class='ocrx_word' id='word_1_423' title='bbox 528 2405 696 2443; x_wconf 90' lang='lat' dir='ltr'>invicem</span> <span class='ocrx_word' id='word_1_424' title='bbox 721 2407 779 2442; x_wconf 82' lang='lat' dir='ltr'>vir</span> <span class='ocrx_word' id='word_1_425' title='bbox 799 2410 836 2443; x_wconf 90' lang='lat' dir='ltr'>et</span> <span class='ocrx_word' id='word_1_426' title='bbox 856 2416 955 2444; x_wconf 85' lang='lat' dir='ltr'>uxor</span> <span class='ocrx_word' id='word_1_427' title='bbox 975 2408 1212 2453; x_wconf 80' lang='lat' dir='ltr'>obligantur.</span> 
     </span>
    </p>

    <p class='ocr_par' dir='ltr' id='par_1_7' title="bbox 107 2451 1721 2769">
     <span class='ocr_line' id='line_1_44' title="bbox 159 2451 1720 2502; baseline 0.004 -14"><span class='ocrx_word' id='word_1_428' title='bbox 159 2451 219 2489; x_wconf 88' lang='lat' dir='ltr'>Sic</span> <span class='ocrx_word' id='word_1_429' title='bbox 240 2452 361 2498; x_wconf 83' lang='lat' dir='ltr'>igitur</span> <span class='ocrx_word' id='word_1_430' title='bbox 378 2452 454 2488; x_wconf 85' lang='lat' dir='ltr'>tria</span> <span class='ocrx_word' id='word_1_431' title='bbox 476 2456 569 2489; x_wconf 88' lang='lat' dir='ltr'>sunt</span> <span class='ocrx_word' id='word_1_432' title='bbox 602 2451 707 2490; x_wconf 87' lang='lat' dir='ltr'>bona</span> <span class='ocrx_word' id='word_1_433' title='bbox 728 2454 983 2498; x_wconf 86' lang='lat' dir='ltr'>matrimonii,</span> <span class='ocrx_word' id='word_1_434' title='bbox 1005 2455 1225 2492; x_wconf 87' lang='lat' dir='ltr'>secundum</span> <span class='ocrx_word' id='word_1_435' title='bbox 1251 2456 1357 2502; x_wconf 86' lang='lat' dir='ltr'>quod</span> <span class='ocrx_word' id='word_1_436' title='bbox 1377 2459 1437 2493; x_wconf 90' lang='lat' dir='ltr'>est</span> <span class='ocrx_word' id='word_1_437' title='bbox 1456 2457 1639 2494; x_wconf 64' lang='lat' dir='ltr'>Ecclesiae</span> <span class='ocrx_word' id='word_1_438' title='bbox 1657 2468 1720 2495; x_wconf 89' lang='lat' dir='ltr'>sa-</span> 
     </span>
     <span class='ocr_line' id='line_1_45' title="bbox 110 2498 1721 2548; baseline 0.005 -14"><span class='ocrx_word' id='word_1_439' title='bbox 110 2503 379 2535; x_wconf 88' lang='lat' dir='ltr'>cramentum:</span> <span class='ocrx_word' id='word_1_440' title='bbox 402 2498 552 2536; x_wconf 89' lang='lat' dir='ltr'>scilicet</span> <span class='ocrx_word' id='word_1_441' title='bbox 567 2500 698 2545; x_wconf 91' lang='lat' dir='ltr'>proles</span> <span class='ocrx_word' id='word_1_442' title='bbox 719 2501 767 2536; x_wconf 89' lang='lat' dir='ltr'>ad</span> <span class='ocrx_word' id='word_1_443' title='bbox 780 2501 928 2537; x_wconf 90' lang='lat' dir='ltr'>cultum</span> <span class='ocrx_word' id='word_1_444' title='bbox 951 2502 1017 2538; x_wconf 89' lang='lat' dir='ltr'>Dei</span> <span class='ocrx_word' id='word_1_445' title='bbox 1039 2502 1293 2547; x_wconf 88' lang='lat' dir='ltr'>suscipienda</span> <span class='ocrx_word' id='word_1_446' title='bbox 1312 2507 1349 2539; x_wconf 90' lang='lat' dir='ltr'>et</span> <span class='ocrx_word' id='word_1_447' title='bbox 1369 2503 1597 2548; x_wconf 83' lang='lat' dir='ltr'>educanda3</span> <span class='ocrx_word' id='word_1_448' title='bbox 1621 2504 1721 2543; x_wconf 89' lang='lat' dir='ltr'>fides</span> 
     </span>
     <span class='ocr_line' id='line_1_46' title="bbox 108 2545 1721 2595; baseline 0.005 -15"><span class='ocrx_word' id='word_1_449' title='bbox 108 2548 226 2590; x_wconf 89' lang='lat' dir='ltr'>prout</span> <span class='ocrx_word' id='word_1_450' title='bbox 242 2554 346 2582; x_wconf 90' lang='lat' dir='ltr'>unus</span> <span class='ocrx_word' id='word_1_451' title='bbox 364 2545 424 2582; x_wconf 83' lang='lat' dir='ltr'>vir</span> <span class='ocrx_word' id='word_1_452' title='bbox 442 2546 510 2581; x_wconf 91' lang='lat' dir='ltr'>uni</span> <span class='ocrx_word' id='word_1_453' title='bbox 533 2547 645 2583; x_wconf 86' lang='lat' dir='ltr'>uxori</span> <span class='ocrx_word' id='word_1_454' title='bbox 667 2547 865 2594; x_wconf 80' lang='lat' dir='ltr'>obligatur</span> <span class='ocrx_word' id='word_1_455' title='bbox 885 2560 894 2592; x_wconf 91' lang='grc'>;</span> <span class='ocrx_word' id='word_1_456' title='bbox 919 2552 956 2584; x_wconf 88' lang='lat' dir='ltr'>et</span> <span class='ocrx_word' id='word_1_457' title='bbox 976 2553 1282 2593; x_wconf 88' lang='lat' dir='ltr'>sacramentum,</span> <span class='ocrx_word' id='word_1_458' title='bbox 1301 2550 1517 2587; x_wconf 89' lang='lat' dir='ltr'>secundum</span> <span class='ocrx_word' id='word_1_459' title='bbox 1539 2551 1644 2595; x_wconf 74' lang='lat' dir='ltr'>quod</span> <span class='ocrx_word' id='word_1_460' title='bbox 1664 2552 1721 2588; x_wconf 92' lang='lat' dir='ltr'>in-</span> 
     </span>
     <span class='ocr_line' id='line_1_47' title="bbox 110 2590 1718 2644; baseline 0.004 -16"><span class='ocrx_word' id='word_1_461' title='bbox 110 2590 419 2628; x_wconf 89' lang='lat' dir='ltr'>divisibilitatem</span> <span class='ocrx_word' id='word_1_462' title='bbox 450 2591 568 2629; x_wconf 85' lang='lat' dir='ltr'>habet</span> <span class='ocrx_word' id='word_1_463' title='bbox 597 2594 904 2631; x_wconf 85' lang='lat' dir='ltr'>matrimonialis</span> <span class='ocrx_word' id='word_1_464' title='bbox 936 2595 1178 2641; x_wconf 89' lang='lat' dir='ltr'>conjunctio,</span> <span class='ocrx_word' id='word_1_465' title='bbox 1212 2596 1448 2642; x_wconf 88' lang='lat' dir='ltr'>inquantum</span> <span class='ocrx_word' id='word_1_466' title='bbox 1468 2600 1529 2634; x_wconf 91' lang='lat' dir='ltr'>est</span> <span class='ocrx_word' id='word_1_467' title='bbox 1553 2598 1718 2644; x_wconf 90' lang='lat' dir='ltr'>conjun-</span> 
     </span>
     <span class='ocr_line' id='line_1_48' title="bbox 109 2638 1718 2689; baseline 0.004 -14"><span class='ocrx_word' id='word_1_468' title='bbox 109 2638 255 2676; x_wconf 88' lang='lat' dir='ltr'>ctionis</span> <span class='ocrx_word' id='word_1_469' title='bbox 276 2638 414 2675; x_wconf 84' lang='lat' dir='ltr'>Christi</span> <span class='ocrx_word' id='word_1_470' title='bbox 437 2642 475 2674; x_wconf 91' lang='lat' dir='ltr'>et</span> <span class='ocrx_word' id='word_1_471' title='bbox 497 2639 682 2677; x_wconf 73' lang='lat' dir='ltr'>Ecclesiae</span> <span class='ocrx_word' id='word_1_472' title='bbox 704 2644 1010 2678; x_wconf 84' lang='lat' dir='ltr'>sacramentum.</span> <span class='ocrx_word' id='word_1_473' title='bbox 1031 2642 1176 2678; x_wconf 85' lang='lat' dir='ltr'>Caetera</span> <span class='ocrx_word' id='word_1_474' title='bbox 1198 2646 1328 2678; x_wconf 89' lang='lat' dir='ltr'>autem</span> <span class='ocrx_word' id='word_1_475' title='bbox 1347 2652 1434 2689; x_wconf 82' lang='lat' dir='ltr'>quae</span> <span class='ocrx_word' id='word_1_476' title='bbox 1455 2643 1497 2679; x_wconf 90' lang='lat' dir='ltr'>in</span> <span class='ocrx_word' id='word_1_477' title='bbox 1520 2646 1718 2682; x_wconf 88' lang='lat' dir='ltr'>matrimo-</span> 
     </span>
     <span class='ocr_line' id='line_1_49' title="bbox 107 2684 1720 2737; baseline 0.005 -16"><span class='ocrx_word' id='word_1_478' title='bbox 107 2684 174 2737; x_wconf 80' lang='lat' dir='ltr'>nio</span> <span class='ocrx_word' id='word_1_479' title='bbox 203 2685 492 2723; x_wconf 86' lang='lat' dir='ltr'>consideranda</span> <span class='ocrx_word' id='word_1_480' title='bbox 516 2689 623 2730; x_wconf 90' lang='lat' dir='ltr'>sunt,</span> <span class='ocrx_word' id='word_1_481' title='bbox 655 2696 775 2733; x_wconf 89' lang='lat' dir='ltr'>supra</span> <span class='ocrx_word' id='word_1_482' title='bbox 804 2687 844 2724; x_wconf 91' lang='lat' dir='ltr'>in</span> <span class='ocrx_word' id='word_1_483' title='bbox 879 2689 992 2725; x_wconf 89' lang='lat' dir='ltr'>tertio</span> <span class='ocrx_word' id='word_1_484' title='bbox 1012 2688 1078 2725; x_wconf 86' lang='lat' dir='ltr'>lib.</span> <span class='ocrx_word' id='word_1_485' title='bbox 1109 2688 1208 2735; x_wconf 86' lang='lat' dir='ltr'>(cap.</span> <span class='ocrx_word' id='word_1_486' title='bbox 1235 2692 1278 2725; x_wconf 82' lang='lat'>12</span> <span class='ocrx_word' id='word_1_487' title='bbox 1309 2692 1347 2725; x_wconf 87' lang='lat' dir='ltr'>et</span> <span class='ocrx_word' id='word_1_488' title='bbox 1379 2689 1479 2737; x_wconf 87' lang='lat' dir='ltr'>seq.)</span> <span class='ocrx_word' id='word_1_489' title='bbox 1504 2694 1720 2737; x_wconf 88' lang='lat' dir='ltr'>pertracta-</span> 
     </span>
     <span class='ocr_line' id='line_1_50' title="bbox 110 2740 252 2769; baseline 0.014 -2"><span class='ocrx_word' id='word_1_490' title='bbox 110 2740 252 2769; x_wconf 79' lang='lat' dir='ltr'>vimus.</span> 
     </span>
    </p>
   </div>
  </div>
 </body>
</html>
