1894 3223
138 132 207 167 248
739 129 830 164 ΠΒ.
855 128 904 172 ΙΙ,
931 128 1034 165 CAP.
1059 128 1160 166 XCV.

793 303 964 346 CAPUT
988 304 1108 346 XCV.

243 427 428 463 QUOMODO
447 427 683 458 ACCIPIATUR
703 429 825 457 GEXUS
844 430 895 458 ET
915 430 1069 459 SPECIES
1084 429 1127 459 IN
1145 430 1397 460 SUBSTANTIIS
1418 430 1643 460 SEPARATIS.

188 539 349 585 Oportet
367 541 498 574 autem
534 537 789 575 considerare
827 539 1047 576 secundum
1086 540 1181 586 quid
1221 540 1511 578 diversificatur
1531 542 1686 587 species
1719 542 1761 579 in

140 585 377 623 substantiis
395 585 604 630 separatis.
627 587 671 621 In
690 585 809 622 rebus
831 586 935 622 enim
971 587 1259 632 materialibus,
1280 597 1368 635 quae
1398 592 1492 625 sunt
1513 588 1760 626 diversarum

140 633 363 678 specierum
384 632 505 668 unius
531 632 690 678 generis
721 633 952 677 existentes,
974 634 1076 670 ratio
1097 635 1258 680 generis
1282 645 1331 672 ex
1348 635 1548 682 principio
1568 636 1763 673 materiali

140 679 324 723 sumitur,
343 677 566 715 differentia
595 680 741 724 speciei
773 689 794 716 a
822 680 1021 726 principio
1053 680 1236 725 formali;
1263 685 1405 719 natura
1424 684 1531 719 enim
1552 683 1762 728 sensitiva,

140 736 189 763 ex
209 736 286 772 qua
307 725 478 762 sumitur
497 725 598 762 ratio
614 726 815 770 animalis,
838 730 899 763 est
917 727 1122 764 materiale
1148 727 1189 764 in
1210 728 1388 773 homine,
1409 733 1593 775 respectu
1612 733 1765 768 naturae

139 773 403 816 intellectivae‚
425 781 472 808 ex
492 781 570 819 qua
591 773 763 810 sumitur
790 773 1014 811 differentia
1034 774 1222 821 specifica
1240 775 1430 820 hominis,
1455 776 1609 813 scilicet
1644 777 1765 814 ratio-

139 820 243 856 nale.
266 820 306 856 Si
330 819 452 866 igitur
472 819 706 858 substantiae
721 824 913 867 separatae
931 830 1013 858 non
1035 824 1129 859 sunt
1151 831 1201 859 ex
1219 822 1387 859 materia
1405 826 1444 859 et
1460 823 1588 860 forma
1608 832 1766 870 compo-

140 867 242 912 sitae,
266 870 308 903 ut
329 876 376 903 ex
404 866 626 911 praemissis
645 867 694 913 (c.
725 868 785 915 50)
817 872 936 914 patet,
970 877 1052 906 non
1088 872 1250 916 apparet
1283 869 1504 907 secundum
1525 870 1621 917 quid
1640 870 1683 907 in
1703 871 1764 908 eis

141 923 270 961 genus
292 917 327 950 et
350 912 575 951 differentia
592 914 779 960 specifica
792 916 916 961 accipi
939 916 1080 961 possit.

187 961 292 997 Scire
331 961 453 1007 igitur
486 964 641 1006 oportet
676 962 781 1008 quod
815 962 980 999 diversae
1016 972 1147 1000 rerum
1186 963 1342 1010 species
1368 963 1561 1010 gradatim
1584 967 1765 1002 naturam

141 1008 244 1045 entis
281 1007 503 1054 possident.
543 1009 681 1045 Statim
713 1009 819 1046 enim
850 1010 891 1046 in
922 1010 1050 1056 prima
1088 1010 1193 1047 entis
1223 1010 1420 1048 divisione
1457 1011 1657 1048 invenitur
1688 1013 1765 1049 hoc

141 1054 301 1101 quidem
321 1054 553 1101 perfectum,
584 1056 737 1093 scilicet
768 1065 840 1093 ens
880 1066 949 1102 per
971 1066 1014 1094 se
1047 1060 1085 1094 et
1108 1065 1181 1094 ens
1213 1061 1317 1102 actu,
1346 1057 1453 1095 aliud
1474 1067 1567 1095 vero
1587 1058 1767 1104 imperf&

141 1106 262 1145 ctum,
285 1102 439 1139 scilicet
455 1111 526 1139 ens
547 1103 590 1138 in
615 1103 694 1140 alio
726 1107 764 1140 et
784 1112 855 1140 ens
876 1105 916 1139 in
935 1105 1135 1150 potentia;
1167 1108 1206 1141 et
1226 1105 1364 1141 eodem
1387 1105 1505 1142 modo
1524 1105 1764 1142 discurrenti

140 1158 210 1195 per
230 1149 389 1195 singula
409 1152 570 1194 apparet
603 1159 722 1186 unam
754 1151 926 1196 speciem
961 1160 1082 1197 supra
1101 1151 1220 1188 aliam
1250 1152 1423 1198 aliquem
1453 1152 1621 1198 gradum
1637 1152 1764 1198 perfe-

142 1196 290 1232 ctionis
313 1195 497 1242 adjicere,
525 1196 628 1232 sicut
660 1197 850 1234 animalia
883 1207 1002 1243 super
1030 1198 1188 1244 plantas
1223 1201 1262 1235 et
1289 1198 1480 1235 animalia
1508 1199 1764 1246 progressiva

142 1252 262 1288 super
282 1243 470 1279 animalia
489 1243 734 1287 immobilia;
758 1244 798 1280 in
819 1244 1024 1282 coloribus
1043 1245 1175 1289 etiam,
1195 1254 1276 1283 una
1290 1246 1445 1292 species
1458 1246 1537 1283 alia
1550 1246 1763 1292 perfectior

141 1289 356 1333 invenitur,
378 1290 597 1326 secundum
618 1291 723 1336 quod
744 1295 805 1328 est
823 1291 995 1329 albedini
1016 1292 1295 1338 propinquior;
1318 1296 1478 1338 propter
1497 1292 1603 1340 quod
1616 1293 1766 1331 Aristo-

141 1336 242 1373 teles
257 1337 500 1383 metaphys„
524 1341 716 1382 vnntext.
731 1347 874 1375 comm.
896 1338 951 1385 10)
975 1339 1070 1375 dicit
1099 1339 1203 1386 quod
1219 1339 1498 1377 distinctiones
1519 1350 1649 1377 rerum
1671 1344 1768 1380 sunt

143 1384 245 1420 sicut
264 1393 467 1426 numerus,
487 1384 527 1420 in
552 1393 629 1430 quo
653 1385 786 1422 unitas
806 1385 1008 1422 subtracta
1025 1386 1086 1422 vel
1101 1386 1232 1422 addita
1245 1387 1417 1432 speciem
1433 1387 1589 1423 numeri
1610 1387 1763 1432 variat;

142 1440 212 1476 per
240 1440 356 1476 quem
390 1430 566 1475 modurn,
594 1431 635 1466 in
663 1431 978 1475 definitionibus,
1004 1432 1037 1469 si
1071 1442 1151 1469 una
1180 1432 1404 1470 differentia
1426 1434 1684 1471 subtrahatur
1701 1435 1764 1471 vel

142 1477 322 1521 addatur,
345 1476 500 1513 diversa
521 1478 674 1523 species
698 1479 910 1515 invenitur.
934 1479 1047 1516 Ratio
1069 1479 1191 1524 igitur
1211 1479 1482 1517 determinatae
1504 1480 1652 1526 speciei
1671 1490 1765 1519 con-

142 1524 248 1560 sistit
270 1524 312 1559 in
334 1524 408 1560 hoc
427 1524 534 1570 quod
551 1528 691 1561 natura
708 1526 933 1562 communis
954 1527 996 1562 in
1017 1526 1279 1563 determinato
1301 1527 1425 1574 gradu
1456 1528 1561 1565 entis
1592 1527 1767 1566 colloca·

139 1576 205 1607 tur
223 1583 230 1615 ;
251 1574 299 1615 ct,
323 1570 415 1618 quia
432 1572 474 1607 in
507 1571 626 1608 rebus
657 1581 704 1608 ex
725 1573 889 1609 materia
924 1577 961 1609 et
982 1573 1110 1610 forma
1146 1574 1381 1620 compositis
1408 1574 1536 1611 forma
1568 1579 1630 1612 est
1648 1576 1764 1622 quasi

140 1618 350 1662 terminus,
368 1617 407 1654 id
425 1621 555 1655 autern
576 1619 680 1665 quod
699 1620 934 1657 terminatur
962 1630 1032 1666 per
1052 1630 1137 1657 eam
1172 1625 1232 1658 est
1257 1621 1423 1658 materia
1451 1623 1512 1658 vet
1543 1623 1762 1667 materiale,

141 1669 297 1710 oportet
314 1665 420 1711 quod
448 1666 550 1703 ratio
575 1667 736 1712 generis
769 1671 950 1703 sumatur
974 1677 1022 1704 ex
1040 1668 1250 1712 materiali,
1272 1667 1497 1706 differentia
1516 1678 1609 1706 vero
1637 1671 1763 1715 speci-

140 1711 214 1748 fica
233 1722 278 1748 ex
298 1712 478 1756 formam
504 1716 541 1749 et
559 1713 647 1750 ideo
664 1723 711 1750 ex
729 1713 951 1751 differentia
967 1718 1004 1751 et
1021 1724 1165 1760 genere
1187 1714 1228 1751 fit
1249 1724 1387 1760 unum,
1411 1716 1517 1753 sicut
1534 1725 1583 1753 ex
1599 1717 1765 1753 materia

142 1763 180 1796 et
202 1759 355 1802 t'orma3
378 1763 416 1795 et
452 1759 557 1796 sicut
581 1769 661 1797 una
687 1764 725 1797 et
755 1761 893 1798 eadem
922 1766 983 1798 est
1004 1766 1145 1798 natura
1180 1771 1268 1808 quae
1292 1771 1340 1799 ex
1378 1763 1546 1800 materia
1565 1766 1604 1800 et
1635 1764 1766 1800 forma

142 1806 411 1851 constituitur,
449 1807 503 1843 ita
542 1806 763 1845 differentia
799 1817 880 1845 non
923 1808 1030 1845 addit
1067 1812 1299 1846 extraneam-
1327 1810 1539 1855 quamdam
1578 1814 1762 1847 naturam

142 1861 262 1898 super
281 1862 422 1900 genus,
450 1853 519 1890 sed
541 1858 602 1890 est
620 1854 800 1901 quaedam
821 1855 1096 1892 determinatio
1115 1855 1243 1900 ipsius
1263 1859 1414 1894 naturae
1440 1857 1626 1904 generis;
1647 1861 1704 1902 ut,
1725 1858 1762 1895 si

142 1908 268 1945 genus
290 1899 507 1945 accipiatur
535 1901 682 1937 animal
715 1901 836 1946 pedes
868 1902 1033 1945 habens,
1064 1901 1287 1939 differentia
1309 1902 1395 1948 ejtis
1432 1907 1491 1940 est
1518 1903 1620 1941 duos
1639 1904 1761 1950 pedes

140 1946 293 2029 habens
309 1948 638 2030 {quamtquidem
665 1948 927 1985 differentiam
949 1949 1049 1985 nihil
1065 1953 1294 1986 extraneum
1313 1958 1433 1996 super
1466 1959 1596 1997 genus
1617 1951 1760 1988 addere

139 2002 247 2029 mani
269 2002 311 2031 es
332 2002 397 2030 um
418 2003 461 2030 es
482 2021 491 2030 .

189 2040 296 2076 L'nde
314 2044 419 2085 patet
439 2040 543 2086 quod
571 2041 715 2078 accidit
732 2042 867 2088 generi
895 2045 934 2079 et
959 2042 1192 2080 differentiae
1225 2043 1331 2090 quod
1363 2043 1640 2081 determinatio
1661 2054 1764 2092 quae-

141 2087 244 2132 dam,
269 2097 385 2134 quam
405 2087 626 2125 differentia
644 2088 842 2134 importat,
865 2099 912 2126 ex
932 2090 1011 2126 alio
1031 2090 1228 2136 principio
1247 2094 1433 2127 causetur
1444 2100 1562 2138 quam
1584 2101 1607 2128 a
1623 2096 1764 2129 natura

140 2135 324 2180 generis;
347 2145 394 2171 ex
414 2135 488 2171 hoc
511 2136 617 2182 quod
658 2140 799 2173 natura
837 2146 954 2183 quam
994 2137 1128 2183 signat
1148 2136 1326 2174 definitio
1362 2142 1423 2174 est
1460 2139 1683 2184 composita
1716 2149 1764 2176 ex

139 2181 306 2218 materia
322 2185 360 2217 et
379 2181 520 2226 forma,
532 2183 636 2219 sicut
653 2192 700 2220 ex
720 2183 956 2220 terminante
971 2188 1009 2220 et
1027 2184 1254 2221 terminato.
1271 2185 1308 2221 Si
1330 2184 1453 2231 igitur
1467 2186 1601 2232 aliqua
1621 2190 1764 2223 natura

140 2232 199 2264 est
218 2228 397 2274 simplex,
418 2229 503 2274 ipsa
523 2229 681 2275 quidem
700 2240 769 2276 per
799 2231 973 2276 seipsam
991 2231 1064 2268 erit
1097 2231 1320 2276 terminata,
1343 2241 1416 2268 nec
1437 2233 1634 2277 oportebit
1651 2233 1760 2280 quod

138 2274 281 2312 habeat
301 2276 400 2313 duas
429 2279 560 2321 partes
590 2286 758 2324 quarum
775 2287 855 2315 una
880 2278 1168 2316 sitterminans
1190 2281 1227 2316 et
1248 2278 1326 2316 alia
1344 2279 1568 2316 terminata.
1591 2282 1644 2316 Ex
1675 2281 1765 2326 ipsa

138 2321 262 2368 igitur
299 2323 452 2359 ratione
495 2327 645 2361 naturae
678 2329 859 2362 sumetur
879 2326 981 2363 ratio
1017 2326 1203 2373 generis;
1225 2334 1273 2362 ex
1309 2326 1590 2364 terminatione
1629 2331 1762 2364 autem

139 2369 225 2415 ejus
239 2370 462 2453 {cundum
483 2371 590 2417 quod
622 2375 683 2408 est
702 2372 743 2408 in
772 2372 841 2409 tali
871 2372 996 2419 gradu
1028 2373 1195 2417 entium,
1215 2377 1396 2410 sumetur
1428 2373 1516 2420 ejus
1536 2372 1763 2412 differentia

137 2425 160 2452 s
190 2427 246 2453 eci
279 2426 337 2454 ca.

161 2426 238 2514 PEx
261 2473 340 2511 quo
361 2464 478 2501 etiam
499 2467 605 2510 patet
624 2465 745 2512 quod,
762 2466 796 2504 si
817 2466 952 2513 aliqua
971 2470 1113 2504 natura
1133 2475 1214 2504 non
1235 2470 1294 2504 est
1326 2467 1550 2513 terminata,
1572 2467 1643 2506 sed
1673 2466 1762 2504 infi-

139 2515 220 2547 nita
240 2511 281 2547 in
307 2520 363 2555 se,
387 2512 493 2548 sicut
513 2520 634 2557 supra
653 2513 694 2559 (l.
711 2522 738 2558 1,
757 2523 794 2551 c.
815 2514 875 2560 43)
894 2517 1101 2551 ostensum
1127 2518 1185 2552 est
1203 2513 1252 2550 de
1270 2517 1412 2551 natura
1431 2514 1579 2560 divina,
1599 2522 1680 2552 non
1700 2516 1763 2551 est

138 2556 180 2592 in
201 2567 246 2593 ea
267 2559 444 2605 accipere
465 2567 593 2606 neque
610 2568 752 2606 genus,
775 2569 903 2609 neque
924 2562 1098 2608 speciem
1115 2573 1124 2606 ;
1143 2561 1249 2609 quod
1269 2564 1330 2598 est
1344 2569 1568 2599 consonum
1588 2561 1653 2598 his
1670 2569 1759 2608 quac

139 2611 256 2648 supra
282 2606 319 2642 ¹l.
339 2615 367 2649 1,
389 2615 423 2642 c.
445 2608 505 2652 25)
531 2607 794 2645 ostendimus.
1553 2654 1559 2660 ,

158 2695 164 2702 .
185 2651 295 2702 Patet
312 2653 428 2689 etiam
451 2662 499 2690 ex
518 2654 751 2699 praemissis,
774 2664 897 2702 quum
915 2655 1081 2693 diversae
1114 2656 1269 2702 species
1289 2656 1332 2692 in
1349 2655 1586 2707 substantiis
1604 2662 1762 2700 separa-

137 2698 190 2733 t1s
208 2698 452 2748 accipiantur
469 2700 690 2739 secundum
709 2702 815 2749 quod
835 2703 1014 2740 diversos
1031 2703 1180 2750 gradus
1213 2703 1444 2742 sortiuntur,
1466 2710 1608 2753 lntuna
1627 2705 1761 2739 autem

138 2751 273 2789 specle
293 2753 374 2781 non
394 2746 475 2782 sint
492 2747 608 2792 plura
633 2748 851 2794 individua,
879 2750 984 2797 quod
1006 2759 1087 2787 non
1115 2753 1207 2788 sunt
1232 2750 1272 2786 in
1305 2748 1542 2786 substantiis
1563 2749 1758 2794 separatis

139 2789 226 2843 d'uae
247 2791 420 2837 aequales
456 2794 675 2831 secundum
717 2796 895 2833 ordinem
928 2797 997 2834 sed
1032 2806 1113 2834 una
1147 2796 1379 2834 naturaliter
1415 2799 1476 2831 est
1505 2795 1628 2831 altera
1648 2804 1763 2842 supe-

136 2845 233 2875 rior.

188 2883 295 2922 Unde
316 2884 459 2923 dicitur
474 2897 482 2923 :
497 2887 685 2933 Numquid
702 2891 796 2926 nosti
807 2890 968 2927 ordinem
988 2891 1066 2928 coeli
1078 2890 1176 2937 (soh,
1193 2897 1362 2934 xxxvm,
1381 2888 1524 2936 33)?Et
1544 2889 1762 2937 Dionysius
