1894 3223
118 175 187 210 524
703 168 790 204 LIB.
818 168 877 211 IV,
906 168 1006 203 CAP.
1033 168 1156 204 XVIII.

117 253 182 290 dat
202 251 420 296 intelligere
441 248 546 296 quod
564 248 730 294 Spiritus
751 248 1039 295 loquebaturin
1058 248 1121 286 his
1139 248 1206 296 qui
1222 248 1339 286 variis
1351 247 1499 297 linguis
1519 247 1737 296 loqueban-

114 303 191 336 tur.
211 296 468 334 Postmodum
482 299 612 332 autem
634 295 724 332 dicit
747 307 755 332 :
775 296 818 330 In
847 295 921 339 leae
944 296 1118 340 seriptum
1134 298 1187 332 est
1206 307 1216 332 ε
1237 296 1412 339 Quoniam
1436 297 1477 331 in
1496 296 1580 331 aliis
1600 296 1738 341 linquis

116 349 150 382 et
169 345 274 379 labiis
295 344 378 378 aliis
412 344 539 388 loquar
561 342 695 388 populo
719 342 826 385 huic,·
854 345 888 377 et
923 351 987 377 nee
1023 343 1076 378 sic
1106 342 1304 378 exaudient
1335 352 1402 383 me,
1439 343 1528 378 dicit
1546 344 1735 379 Dominus.

116 391 240 474 {Ibid.,
262 389 335 472 2115)
357 389 522 434 Spiritus
548 398 642 436 ergo
676 391 853 433 sanctus,
887 388 954 435 qui
983 388 1158 435 loquitur
1172 388 1358 436 mysteria
1383 388 1549 426 diversis
1564 389 1678 426 labiis
1700 392 1739 426 et

132 438 170 474 in
203 437 263 474 018
335 446 405 473 008
427 440 500 474 est.

162 445 306 523 {aazia
327 487 419 529 post
435 492 561 529 pauca
578 482 784 520 subditur:
807 483 848 519 Si
863 492 981 518 omnes
991 482 1216 528 prophetent,
1237 483 1347 518 intret
1366 485 1484 519 autem
1501 484 1583 529 quis
1601 482 1734 528 infide-

117 532 175 572 lis,
196 531 251 566 vel
268 530 395 571 idiota,
418 531 642 566 convincitur
661 530 705 565 ab
725 530 899 570 omnibus,
923 529 1152 575 dijudicatur
1170 530 1215 565 ab
1234 529 1396 565 omnibus
1413 542 1424 573 ,-
1447 531 1584 565 occulta
1616 530 1735 565 cordis

117 578 195 623 eJ’us
227 578 423 620 manifesta
451 579 556 622 siunt,
591 580 624 612 et
659 579 713 613 ita
738 577 867 612 cadens
899 578 939 612 in
966 577 1098 620 faciem
1134 576 1302 612 adorabit
1337 578 1462 621 Deum,
1488 578 1736 622 pronuntians

117 624 213 671 quod
226 634 306 659 vere
325 627 416 659 Deus
435 625 476 660 in
490 625 590 660 vobis
610 625 670 660 sit.
692 624 815 669 (Ibid.,
833 626 891 667 24,
915 623 989 669 25.)
1009 625 1117 660 Patet
1137 625 1281 666 autem,
1303 632 1372 668 per
1397 623 1437 659 id
1453 623 1558 670 quod
1579 623 1736 670 praemi-

119 671 169 710 sit
187 671 292 718 quod
313 671 477 716 Spiritus
498 671 672 718 loquitur
691 671 892 717 mysteria,
919 670 1023 716 quod
1043 670 1309 707 manifestatio
1328 670 1577 707 occultorum
1597 670 1734 707 cordis

119 728 142 756 a
160 717 302 764 Spiritu
323 722 460 755 sancto
481 717 548 761 fit;
569 717 675 764 quod
696 722 756 754 est
775 717 974 763 proprium
997 717 1207 754 divinitatis
1229 717 1411 763 signum;
1437 716 1578 753 dieitur
1599 717 1702 753 enim
1727 729 1735 753 :

118 767 277 803 Pravum
295 767 347 801 est
366 775 426 801 eor
455 767 625 805 omnium,
653 767 687 800 et
715 764 974 805 inscrutabile3
1002 765 1083 809 quis
1113 766 1296 808 coynoscet
1319 764 1414 798 illud
1433 765 1452 799 ?
1469 765 1544 807 qu
1566 765 1738 799 Dominus

118 815 286 849 scrutans
304 822 365 848 cor
406 814 439 847 et
468 812 630 857 probans
660 821 762 847 renes
781 810 935 857 (Jerem.,
956 813 989 853 9,
1016 811 1098 857 to);
1121 811 1224 847 unde
1246 820 1293 847 ex
1332 810 1406 846 1100
1438 810 1583 846 indicio
1622 810 1736 846 etiam
1762 837 1770 845 .

118 858 291 897 infidelis
312 859 549 904 perpendere
567 858 707 895 dieitur
723 858 828 905 quod
845 858 910 894 ille
925 857 991 904 qui
1012 857 1094 894 haec
1107 858 1263 894 occulta
1285 857 1465 893 cordium
1487 856 1662 904 loquitur
1689 857 1740 894 sit

120 908 238 944 Deus.
259 908 358 953 Ergo
379 906 543 951 Spiritus
562 909 724 942 sanetus
747 907 849 941 Deus
864 908 936 941 est.

166 954 266 997 Item,
288 962 426 998 parum
453 957 544 998 post
562 952 657 989 dicit
678 964 686 988 z
709 953 868 997 Spiritus
883 952 1144 997 prophetarum
1169 951 1353 996 prophetis
1369 950 1523 995 subjecti
1541 953 1641 986 sunt.
1658 951 1741 988 Non

120 1002 213 1037 enim
233 1002 284 1035 est
297 1000 531 1035 dissensionis
549 1001 655 1039 Deus,
671 999 733 1034 sect
746 1001 865 1044 pacis,
886 999 919 1045 (I
940 1000 1034 1043 Corn,
1055 1007 1138 1041 XIV,
1161 1001 1218 1042 32,
1242 997 1316 1044 33.)
1339 998 1478 1035 Gratiae
1497 1001 1626 1035 autem
1648 1006 1740 1044 pro-

120 1047 342 1094 phetarum,
364 1055 463 1093 quas
479 1047 643 1092 spiritus
661 1046 937 1092 prophetarum
959 1046 1242 1089 nominaverat,
1262 1054 1285 1081 a
1305 1045 1449 1090 Spiritu
1472 1049 1611 1081 sancto
1631 1047 1738 1082 sunt.

122 1094 290 1140 Spiritus
309 1102 402 1139 ergo
424 1098 600 1137 sanctus,
623 1093 689 1139 qui
722 1093 948 1138 hujusmodi
973 1092 1122 1138 gratias
1142 1093 1201 1129 810
1234 1092 1433 1128 distribuit
1453 1095 1492 1128 ut
1512 1101 1557 1128 ex
1580 1092 1638 1129 eis
1657 1100 1740 1129 non

122 1141 174 1178 sit
191 1141 406 1180 dissensio,
429 1140 498 1177 sed
519 1150 595 1186 pax
613 1144 814 1186 sequatur,
837 1141 941 1176 Deus
966 1148 1054 1176 esse
1077 1139 1301 1176 ostenditur
1318 1138 1359 1175 in
1380 1139 1455 1175 1100
1487 1139 1588 1185 quod
1613 1139 1707 1175 dicit
1728 1150 1736 1175 ε

121 1189 201 1226 Non
221 1190 272 1223 est
292 1187 524 1223 dissensionis
545 1189 652 1231 Deus,
673 1186 735 1222 sed
746 1188 861 1232 pacis.

170 1235 351 1279 Amplius,
373 1234 559 1280 adoptare
578 1234 619 1270 in
651 1232 756 1270 filios
775 1234 842 1269 Dei
864 1241 944 1269 non
965 1236 1095 1278 potest
1122 1241 1211 1269 esse
1231 1241 1332 1278 opus
1361 1232 1525 1269 alterius
1558 1232 1636 1269 nisi
1654 1232 1737 1277 Dei,

121 1281 234 1318 nulla
263 1281 365 1317 enim
398 1284 577 1318 creatura
615 1280 829 1326 spiritualis
854 1280 996 1316 dieitur
1016 1279 1123 1317 filius
1157 1279 1224 1315 Dei
1254 1289 1323 1326 per
1351 1284 1548 1323 naturam,
1571 1279 1641 1316 sed
1669 1288 1740 1325 per

123 1327 349 1374 adoptionis
367 1328 551 1374 gratiam
577 1327 679 1363 unde
703 1331 740 1363 et
757 1327 833 1363 1100
854 1335 954 1372 opus
970 1327 1065 1364 Filio
1087 1327 1168 1369 Dei,
1191 1326 1258 1372 qui
1278 1335 1396 1363 verus
1418 1328 1522 1363 Deus
1544 1329 1617 1369 est,
1635 1329 1737 1372 Apo—

121 1376 251 1412 stolus
271 1375 460 1418 attribuit,
481 1375 618 1411 dicens
640 1386 648 1409 :
670 1375 773 1410 Misit
802 1376 895 1409 Deus
915 1374 1048 1409 Filium
1077 1383 1196 1409 suum.
1212 1400 1243 1408 ..
1269 1376 1310 1409 ut
1341 1374 1567 1418 adoptionem
1583 1373 1740 1419 filiorum

121 1423 370 1466 reciperemus.
394 1421 541 1466 (Galat,
558 1429 613 1465 Ν,
631 1424 666 1463 4,
686 1421 735 1466 5.)
752 1421 919 1466 Spiritus
932 1424 1062 1456 autem
1087 1423 1250 1457 sanctus
1272 1423 1332 1457 est
1350 1420 1575 1466 adoptionis
1594 1429 1737 1464 causa;

123 1468 217 1505 dicit
237 1468 341 1504 0111111
365 1467 608 1513 Apostolus:
629 1467 828 1513 Accepistis
846 1469 1018 1512 spiritum
1044 1466 1248 1512 adoptionis
1265 1468 1433 1513 filiorum,
1460 1468 1502 1502 in
1523 1476 1592 1512 quo
1609 1467 1740 1502 clama-

121 1525 225 1551 mus:
245 1515 365 1598 Abdba]
384 1514 532 1561 (Pater).
556 1514 684 1561 (Rom.,
706 1523 792 1563 vm,
816 1514 888 1560 15.)
923 1515 1023 1560 Ergo
1046 1514 1213 1560 Spiritus
1241 1517 1404 1551 sanetus
1435 1522 1517 1550 non
1547 1516 1608 1550 est
1636 1522 1740 1552 crea-

121 1565 223 1606 tura,
248 1570 289 1599 se
371 1570 455 1598 eus.

167 1611 269 1652 Item,
290 1609 323 1645 si
346 1609 513 1654 Spiritus
531 1612 694 1646 sanctus
709 1616 787 1645 non
805 1612 863 1645 est
885 1609 1003 1653 Deus,
1022 1610 1176 1654 oportet
1195 1608 1302 1654 quod
1319 1608 1372 1644 sit
1391 1607 1524 1654 aliqua
1543 1610 1738 1646 creatura.

122 1655 287 1694 Planum
309 1659 369 1692 est
389 1659 518 1692 autem
533 1655 640 1702 quod
658 1664 737 1691 non
756 1659 816 1692 est
830 1659 1009 1692 creatura
1029 1655 1261 1701 corporalis,
1274 1664 1347 1692 1100
1363 1655 1476 1691 etiam
1499 1655 1738 1700 spiritualis;

122 1703 233 1741 nulla
253 1703 357 1739 0111111
382 1705 562 1739 creatura
593 1702 790 1748 spirituali
820 1705 1008 1739 creaturae
1040 1702 1273 1747 infunditur,
1307 1711 1427 1748 quum
1458 1705 1638 1739 creatura
1657 1710 1740 1739 non

122 1750 174 1788 sit
192 1749 489 1795 participabilis,
521 1749 590 1786 sed
623 1750 752 1795 magis
783 1749 1044 1795 participans3
1078 1749 1243 1795 Spiritus
1265 1752 1395 1785 autem
1417 1752 1580 1786 sauctus
1603 1749 1739 1786 infun-

122 1796 226 1834 ditur
257 1800 486 1833 sanctorum
514 1796 727 1840 mentibus,
762 1797 875 1842 quasi
910 1797 957 1833 ab
991 1797 1046 1833 eis
1078 1796 1354 1842 participatus3
1388 1796 1532 1842 legitur
1563 1796 1669 1832 enim
1703 1798 1740 1832 et

122 1843 301 1881 Christus
320 1843 552 1926 (eogplenus
569 1843 706 1887 fuisse,
723 1846 760 1879 et
777 1844 894 1880 etiam
909 1843 1094 1889 apostoli.
1108 1845 1190 1879 Non
1209 1846 1267 1880 est
1282 1852 1376 1889 ergo
1392 1843 1559 1888 Spiritus
1575 1845 1738 1880 80110108

121 1894 314 1934 creatura,
337 1899 378 1926 se
424 1892 542 1927 Deus.

169 1936 207 1972 Si
227 1937 315 1982 quis
337 1940 465 1973 autem
487 1937 590 1973 dieat
622 1936 806 1982 praedicta
837 1946 957 1982 opera
976 1945 1063 1983 quae
1085 1939 1178 1973 sunt
1198 1936 1265 1972 Dei
1291 1936 1448 1982 Spiritui
1477 1939 1616 1973 sancto
1637 1937 1739 1972 attri-

121 1982 204 2026 bui,
223 1992 304 2019 11011
324 1992 393 2028 per
412 1984 699 2027 auctoritatem,
721 1985 764 2019 ut
783 1985 876 2027 Deo,
908 1983 977 2019 sed
1005 1992 1074 2028 per
1102 1982 1378 2026 ministerium,
1405 1983 1517 2030 quasi
1535 1986 1734 2024 creaturae,

122 2038 308 2075 expresse
326 2030 402 2067 1100
434 2039 524 2067 0880
553 2030 698 2066 falsum
729 2032 889 2075 apparet
907 2039 954 2066 ex
990 2029 1053 2066 his
1073 2039 1160 2076 quae
1189 2030 1403 2075 Apostolus
1435 2029 1540 2074 dicit,
1570 2029 1735 2067 dicens:

120 2078 324 2113 Divisiones
355 2078 602 2122 operationum
620 2079 715 2116 sunt,
734 2077 828 2112 idem
854 2086 935 2112 vero
960 2078 1052 2112 Deus
1072 2078 1135 2122 qui
1154 2079 1324 2122 operatur
1355 2078 1475 2112 omnia
1504 2078 1545 2111 in
1575 2077 1738 2113 omnibus

120 2122 157 2169 (1
186 2124 279 2164 Cor„
313 2131 385 2168 ΧΗ,
428 2123 484 2170 6);
516 2126 554 2161 01
582 2126 740 2170 postea,
782 2123 1082 2161 connumeratis
1115 2123 1282 2160 diversis
1315 2123 1430 2160 donis
1461 2123 1541 2167 Dei,
1575 2123 1705 2161 subdit
1728 2136 1736 2160 :

118 2170 202 2207 Haee
230 2172 350 2206 omnia
381 2173 550 2216 operatur
574 2180 668 2206 unus
690 2173 796 2215 atque
814 2171 909 2206 idem
940 2171 1113 2215 Spiritus,
1142 2170 1311 2207 dividens
1338 2170 1494 2215 sinqulis
1519 2173 1632 2216 prout
1661 2170 1741 2206 vult

120 2217 239 2263 (ibat,
266 2217 336 2264 11),
354 2217 422 2254 ubi
450 2217 658 2255 manifeste
679 2217 872 2263 expressit
895 2217 1078 2263 Spiritum
1112 2220 1294 2254 sanetum
1316 2218 1438 2254 Deum
1461 2225 1566 2263 esse,
1586 2219 1671 2254 tum
1691 2227 1740 2256 ex

121 2272 168 2301 eo
189 2264 294 2311 quod
317 2263 500 2309 Spiritum
522 2267 703 2303 sanctum
722 2264 875 2310 operari
889 2264 982 2301 dicit
998 2273 1085 2311 quae
1107 2273 1229 2310 supra
1245 2264 1397 2301 dixerat
1416 2265 1541 2301 Deum
1563 2264 1738 2310 operari,

118 2313 204 2347 tum
226 2320 274 2348 ex
289 2311 365 2348 hoc
382 2311 489 2358 quod
508 2320 598 2350 eum
627 2319 699 2357 pro
720 2320 802 2349 suae
822 2311 1039 2348 voluntatis
1067 2311 1229 2349 arbitrio
1250 2310 1404 2358 operari
1424 2310 1646 2349 confitetur.
1665 2311 1740 2348 Ma-

119 2357 307 2395 nifestum
329 2360 389 2395 est
407 2358 529 2406 igitur
545 2358 728 2405 Spiritum
748 2362 929 2395 sanctum
952 2360 1077 2395 Deum
1099 2367 1202 2396 esse.

761 2506 928 2548 CAPUT
955 2507 1098 2548 XVIII.

401 2625 502 2660 QUOD
529 2626 701 2655 SPIRITUS
728 2626 897 2656 SANCTUS
924 2627 984 2655 SIT
1010 2626 1238 2656 SUBSISTENS
1264 2626 1454 2657 PERSONA.

144 2731 254 2783 Sed,
275 2732 368 2778 quia
384 2733 544 2780 quidam
575 2734 757 2781 Spiritum
781 2739 964 2772 sanctum
997 2738 1184 2773 asserunt
1201 2744 1283 2773 non
1302 2744 1392 2773 esse
1412 2742 1623 2782 personam
1643 2733 1737 2772 sub·

118 2781 338 2830 sistentem,
360 2780 430 2817 sed
448 2781 509 2818 vel
540 2782 667 2828 ipsam
687 2782 928 2819 divinitatem
959 2783 1086 2820 Patris
1119 2786 1159 2821 et
1186 2782 1284 2828 Filii,
1307 2787 1350 2819 ut
1380 2781 1536 2829 quidam
1557 2781 1736 2819 Macedo-

119 2825 391 2877 niani-dixlsse
411 2827 679 2872 perhibentur,
701 2829 762 2866 vel
796 2830 914 2866 etiam
947 2829 1121 2876 aliquam
1153 2828 1432 2867 accidentalem
1454 2827 1736 2873 perfectionem

117 2875 262 2924 mentis
283 2881 306 2909 a
325 2873 405 2924 Deo
425 2872 542 2910 nobis
574 2875 774 2920 donatam,
798 2880 892 2921 puta
924 2877 1158 2922 sapientiam
1177 2875 1238 2912 vel
1256 2875 1485 2912 charitatem
1505 2875 1564 2911 vel
1582 2875 1735 2922 aliquid

118 2917 361 2966 hujusmodi,
381 2928 468 2967 quae
488 2921 768 2968 participantur
788 2932 811 2959 a
842 2922 959 2960 nobis
992 2923 1095 2960 sicut
1125 2922 1304 2970 quaedam
1336 2921 1555 2960 accidentia
1586 2925 1731 2968 creata,
