1894 3223
120 92 165 126 44
727 90 815 126 LIB.
842 90 872 133 1,
899 90 1001 126 CAP.
1027 90 1131 126 XLII.

168 172 312 214 Adhuc,
335 180 424 207 cum
456 170 767 216 unumquodque
801 170 1013 215 appetibile
1043 171 1095 207 sit
1126 173 1285 216 propter
1317 170 1451 214 finem,
1484 170 1578 207 boni
1611 174 1744 209 autem

122 218 221 253 ratio
243 218 437 254 consistat
458 217 498 253 in
520 217 596 253 hoc
630 216 735 261 quod
772 221 832 252 est
860 217 1085 262 appetibile,
1107 221 1262 263 oportet
1291 218 1397 264 quod
1429 218 1743 265 unumquodque

122 264 275 300 dicatur
302 264 466 307 bonum,
500 263 560 298 vel
590 263 684 308 quia
715 266 774 300 est
802 262 909 307 finis,
929 263 990 300 vel
1023 264 1116 310 quia
1148 264 1356 301 ordinatur
1392 264 1440 300 ad
1474 263 1609 300 finem.
1631 265 1743 302 Finis

123 311 244 356 igitur
266 311 428 346 ultimus
449 313 509 346 est
529 319 550 344 a
568 319 646 355 quo
668 310 803 346 omnia
819 310 1013 347 rationem
1034 311 1128 348 boni
1150 311 1363 356 accipiunt.
1382 312 1462 347 Hoc
1490 314 1619 347 autem
1637 313 1741 348 Deus

122 360 181 393 est
202 361 243 392 ut
264 357 366 393 infra
388 357 485 402 (cap.
506 355 567 401 74)
591 356 833 400 probabitur.

171 404 267 439 Hinc
288 407 347 439 est
368 403 471 448 quod
496 403 689 439 Dominus
711 412 824 439 suam
855 403 1052 441 visionem
1072 404 1197 450 Moysi
1227 404 1464 450 promittens
1487 403 1585 440 dicit
1604 406 1742 450 Exoo.‚

63 480 67 482 .
122 457 263 492 xxmu,
287 452 328 485 19
349 460 357 485 :
380 451 454 493 E90
474 449 658 484 ostendam
678 450 747 484 tibi
764 460 863 485 omne
878 451 1025 494 bonum3
1048 455 1086 487 et
1104 453 1207 497 Sap..
1228 460 1301 489 vn.
1319 454 1357 488 11
1378 451 1522 488 dicitur
1541 451 1589 488 de
1610 451 1746 488 divina

123 495 318 542 sapientia
340 507 348 532 :
370 496 554 531 Venerunt
571 497 664 531 mihi
682 498 805 532 omnia
825 497 919 533 bona
935 499 1076 542 pariter
1097 491 1270 535 camilla.
1293 497 1322 541 (Ι
1343 501 1458 543 part„
1475 507 1512 545 q.
1529 506 1585 538 VI,
1608 501 1681 536 art.
1700 497 1754 548 4.)

785 642 952 684 CAPUT
977 644 1078 685 XLI.

571 762 671 796 QUOD
696 762 795 792 DEUS
822 763 882 791 SIT
908 763 1070 792 sumum
1093 763 1238 793 BONUM.

170 873 223 907 Ex
243 870 319 907 hoc
338 874 469 907 autem
492 870 716 907 ostenditur
736 871 842 917 quod
863 873 966 908 Deus
987 872 1038 908 sit
1060 881 1260 909 summum
1280 872 1444 912 bonum,
1469 874 1565 909 Nam
1592 873 1744 909 bonum

123 918 349 955 universale
370 918 600 962 praeeminet
628 918 792 954 cuilibet
820 918 924 955 bono
954 919 1197 964 particulari,
1221 920 1326 956 sicut
1356 919 1505 957 bonum
1527 919 1658 966 gentis
1684 923 1745 956 est

123 965 268 1001 melius
285 974 400 1011 quam
422 964 571 1000 bonum
591 965 724 1001 unius.
751 966 914 1002 Bonitas
946 966 1050 1002 enim
1088 967 1212 1003 totius
1242 970 1279 1003 ct
1299 966 1487 1012 perfectio
1515 966 1745 1012 praeeminet

124 1012 292 1048 bonitati
316 1015 354 1047 et
372 1011 761 1057 perfectionipartis.
784 1012 857 1048 Sed
890 1013 1024 1049 divina
1054 1013 1214 1050 bonitas
1249 1017 1500 1059 comparatur
1528 1013 1576 1050 ad
1608 1013 1744 1050 omnia

123 1059 214 1099 alia,
237 1058 339 1094 sicut
359 1059 583 1094 universale
604 1059 752 1095 bonum
773 1059 821 1095 ad
839 1060 1089 1104 particulare,
1105 1070 1226 1106 quum
1241 1061 1292 1097 sit
1313 1061 1445 1097 omnis
1466 1061 1559 1097 boni
1575 1060 1740 1104 bonum,

123 1109 166 1142 ut
184 1109 391 1142 ostensum
413 1110 486 1149 est,
510 1109 569 1141 esi
590 1106 711 1151 igitur
732 1106 817 1151 ipse
839 1115 1040 1143 summum
1060 1107 1225 1144 bonum.

169 1154 359 1196 Praeterea,
387 1152 427 1188 id
447 1153 551 1198 quod
573 1162 642 1198 per
663 1153 877 1189 essentiam
903 1152 1058 1197 dicitur,
1080 1155 1212 1190 verius
1234 1153 1379 1190 dicitur
1414 1163 1531 1200 quam
1565 1154 1605 1190 id
1636 1153 1742 1200 quod

123 1203 183 1236 est
201 1199 627 1245 per’participationem
649 1199 795 1236 dictum
819 1212 826 1235 :
847 1200 916 1236 sed
932 1202 1036 1237 Deus
1057 1205 1117 1238 est
1134 1201 1264 1238 bonus
1285 1211 1354 1247 per
1372 1210 1486 1238 suam
1509 1202 1741 1284 essentia&

123 1246 202 1283 alia
221 1255 313 1282 vero
334 1255 403 1292 per
421 1246 780 1292 participationem,
803 1250 844 1283 ut
866 1251 1072 1284 ostensum
1105 1252 1164 1284 est
1192 1248 1287 1294 (cap.
1315 1248 1387 1294 38).
1409 1249 1475 1284 Est
1504 1248 1626 1295 igitur
1656 1248 1694 1293 ip

123 1302 323 1331 summum
344 1293 507 1330 bonum.

168 1342 269 1380 Item,
292 1340 396 1386 quod
418 1344 478 1377 est
497 1341 714 1377 maximum
735 1341 776 1376 in
795 1349 1037 1387 unoquoque
1057 1351 1217 1388 genere,
1239 1345 1299 1379 est
1320 1351 1442 1378 causa
1459 1341 1629 1378 aliorum
1651 1350 1740 1387 quae

123 1392 217 1424 sunt
238 1388 276 1422 10
298 1387 367 1424 1110
390 1397 548 1433 genere.
572 1388 698 1424 Causa
718 1388 822 1424 enim
842 1388 971 1433 potior
992 1392 1051 1425 est
1086 1388 1239 1425 effectu.
1260 1391 1313 1425 Ex
1334 1391 1413 1425 Deo
1446 1392 1576 1426 autem
1607 1388 1742 1425 omnia

124 1434 490 1471 habent-rationem
523 1433 633 1478 boni,
655 1438 698 1470 ut
728 1439 932 1472 ostensum
967 1438 1028 1472 est
1048 1435 1147 1482 (cap.
1179 1436 1377 1482 praeced).
1400 1437 1467 1472 Est
1498 1436 1619 1481 igitur
1654 1436 1742 1481 ipse

123 1489 321 1518 summum
345 1481 508 1518 bonum.

169 1528 354 1573 Amplius,
375 1528 479 1564 sicut
499 1527 630 1565 albius
648 1530 709 1564 est
728 1527 833 1574 quod
854 1532 915 1566 est
945 1530 1060 1576 nigro
1092 1529 1399 1575 impermixtius,
1418 1529 1474 1566 ita
1503 1529 1649 1566 melius
1682 1533 1743 1566 est

122 1576 228 1612 malo
250 1575 560 1620 impermixtius3
584 1575 653 1612 sed
672 1576 776 1612 Deus
798 1580 858 1612 est
872 1577 1043 1613 maxime
1061 1577 1167 1613 malo
1185 1576 1490 1622 impermixtius,
1512 1577 1606 1623 quia
1626 1577 1666 1612 in
1694 1585 1742 1614 eo

123 1631 195 1659 nec
217 1626 320 1666 actu,
341 1631 414 1659 nec
435 1622 611 1668 potentia
629 1622 778 1659 malum
800 1633 889 1660 esse
906 1628 1050 1670 potest,
1073 1628 1109 1660 et
1130 1624 1205 1660 hoc
1226 1625 1261 1660 ei
1284 1634 1331 1660 ex
1349 1633 1423 1661 sua
1450 1627 1592 1661 natura
1627 1632 1742 1660 com-

121 1669 232 1716 petit,
253 1673 296 1706 ut.
315 1673 521 1706 ostensum
543 1672 602 1706 est
621 1669 719 1715 (cap.
743 1669 816 1716 39).
841 1672 905 1707 Est
924 1671 1046 1717 igitur
1064 1671 1147 1716 ipse
1169 1680 1370 1707 summum
1390 1671 1556 1707 bonum.

160 1717 268 1752 Hinc
290 1720 350 1753 est
369 1716 474 1762 quod
494 1716 638 1752 dicitur
658 1716 778 1752 Exod.
800 1726 830 1753 11
851 1729 859 1753 ε
880 1719 961 1754 Non
980 1720 1189 1753 estsanctus
1220 1721 1262 1753 ut
1291 1721 1343 1753 est
1361 1720 1469 1754 Deus.
1491 1718 1578 1761 (Hic
1610 1720 1742 1754 textus

122 1771 199 1801 1101.
226 1763 447 1801 assumitur
466 1772 514 1800 ex
533 1762 654 1800 Exod.
674 1771 718 1808 11,
739 1763 808 1800 sed
830 1766 844 1800 Ι
866 1766 976 1811 fleg„
1001 1774 1045 1808 11,
1066 1764 1116 1810 2.)
1143 1766 1173 1812 (Ι
1192 1768 1310 1813 part„
1330 1776 1369 1815 q.
1389 1776 1448 1812 VI,
1471 1772 1544 1805 art.
1565 1769 1616 1816 2.)

772 1908 941 1950 CAPUT
966 1909 1086 1950 XLII.

699 2027 800 2062 ouon
824 2028 924 2058 0005
954 2029 1027 2058 EST
1047 2029 1160 2058 uerus.

170 2139 251 2174 Hoc
271 2141 403 2174 autem
421 2139 600 2181 ostenso,
622 2136 879 2174 manifestum
903 2140 964 2174 est
982 2139 1104 2174 Deum
1139 2147 1219 2175 000
1247 2148 1336 2176 0550
1376 2139 1455 2177 0151
1485 2149 1622 2177 unum.
1656 2143 1742 2178 Non

126 2185 228 2223 ‘anim
251 2183 445 2230 possibile
467 2187 528 2220 est
561 2192 652 2220 esse
685 2183 763 2221 duo
794 2193 950 2220 summe
978 2184 1094 2221 bona.
1135 2185 1248 2228 Quod
1280 2186 1386 2223 enim
1410 2196 1481 2233 per
1512 2189 1584 2233 (Ita
1616 2188 1741 2225 codex

124 2230 524 2277 superhabundantiam
557 2239 627 2276 per
651 2230 704 2277 h.)
737 2231 1171 2276 superhabundantiam
1201 2233 1345 2269 dicitur
1380 2234 1421 2269 in
1465 2242 1546 2271 uno
1586 2238 1738 2272 tantum

123 2278 335 2315 invenitur.
357 2279 460 2314 Deus
481 2281 611 2314 autem
647 2281 708 2315 est
727 2285 928 2315 summum
965 2278 1130 2323 bonum,
1151 2282 1195 2316 ut
1221 2284 1429 2317 ostensum
1457 2284 1519 2318 est
1545 2280 1646 2327 (cap.
1664 2282 1740 2328 41).

124 2328 226 2362 Deus
252 2324 375 2371 igitur
395 2330 455 2361 est
473 2333 590 2362 nnus.

165 2374 356 2412 Ρνκΐονοα,
393 2379 599 2409 0510115010
633 2374 694 2409 051
715 2371 817 2418 (cap.
846 2372 908 2419 28)
935 2373 1058 2409 Deum
1090 2382 1179 2410 0550
1213 2373 1378 2411 0100100
1413 2374 1645 2421 perfectum,
1676 2375 1740 2413 cui

123 2419 234 2456 nulla
254 2418 443 2465 perfectio
465 2418 580 2456 desit.
599 2419 638 2456 Si
658 2419 781 2465 igitur
800 2423 893 2456 sunt
915 2419 1047 2465 plures
1063 2419 1130 2464 dii,
1153 2425 1308 2466 oportet
1339 2430 1429 2458 esse
1455 2422 1569 2467 plura
1601 2422 1741 2468 hujus·

123 2466 229 2503 modi
266 2466 452 2511 perfecta.
477 2467 557 2503 Hoc
585 2469 716 2502 autem
749 2469 810 2503 est
841 2466 1103 2512 impossibile.
1126 2468 1222 2504 Nam
1260 2468 1294 2505 si
1325 2468 1425 2505 nulli
1461 2477 1599 2506 eorum
1629 2468 1742 2506 deest

120 2513 253 2558 aliqua.
272 2512 476 2558 perfectio,
498 2522 572 2549 000
592 2513 726 2560 aliqua
746 2513 992 2559 imperfectio
1029 2513 1308 2560 admisceatur,
1330 2515 1436 2562 quod
1452 2515 1668 2561 requiritur
1689 2515 1740 2552 ad

121 2559 323 2610 lioclquod
343 2560 491 2606 aliquid
515 2560 568 2596 sit
585 2560 819 2606 simpliciter
837 2560 1067 2606 perfectum,
1089 2570 1170 2598 000
1204 2562 1276 2598 erit
1310 2563 1352 2598 in
1377 2570 1457 2609 quo
1487 2562 1535 2598 ab
1567 2561 1739 2598 invicem

120 2605 431 2652 distinguantur.
453 2607 705 2652 Impossibile
726 2611 786 2645 est
805 2607 927 2654 igitur
945 2608 1078 2654 plures
1103 2610 1207 2646 Deos
1227 2617 1388 2654 ponere.

166 2653 267 2692 Item,
290 2652 396 2698 quod
417 2652 662 2690 sufficienter
680 2654 736 2698 fit,
760 2663 839 2691 uno
857 2655 1003 2700 posito,
1024 2655 1168 2692 melius
1187 2660 1249 2704 est
1268 2665 1337 2701 per
1363 2664 1486 2692 unum
1513 2653 1598 2691 fieri
1618 2663 1739 2701 quam

119 2707 191 2745 per
208 2698 347 2735 multa.
363 2699 436 2736 Sed
457 2709 587 2736 rerum
616 2700 713 2737 ordo
734 2705 807 2745 est,
823 2702 928 2738 sicut
954 2702 1098 2739 melius
1130 2705 1262 2749 potest
1290 2711 1402 2745 esse;
1437 2710 1517 2738 non
1540 2701 1646 2738 enim
1668 2710 1739 2748 po·

119 2746 244 2782 tentia
264 2745 420 2792 agentis
440 2746 557 2792 primi
576 2746 686 2784 deest
705 2752 903 2793 potentiae,
928 2758 1015 2796 quae
1045 2753 1106 2786 est
1138 2749 1179 2786 in
1209 2748 1329 2785 rebus
1359 2748 1408 2785 ad
1436 2748 1737 2794 perfectionem.

120 2792 374 2830 sufficienter
392 2797 524 2830 autem
545 2794 680 2830 omnia
699 2795 950 2841 complentur
969 2795 1196 2834 reducendo
1215 2795 1258 2833 in
1277 2804 1402 2833 unum
1422 2795 1595 2842 primum
1628 2795 1738 2843 prin·

119 2838 284 2887 cipium.
302 2841 390 2879 Non
410 2843 472 2879 est
487 2840 610 2888 igitur
627 2849 775 2888 ponere
794 2842 907 2888 plura
926 2842 1135 2890 principia.
