1894 3223
49 114 118 149 488
676 109 764 144 ΜΒ.
791 108 852 152 IV,
880 108 981 144 CAP.
1009 108 1056 145 11.

51 192 284 235 manitesta3
309 191 414 228 unde
435 189 627 228 Dominus
667 189 874 234 discipulis
899 188 983 225 suis
1005 189 1098 226 dicit
1118 202 1127 226 :
1148 191 1256 227 Venit
1274 191 1376 236 hora,
1400 201 1478 226 cum
1510 190 1593 236 jam
1613 201 1686 228 non

50 242 89 276 in
108 240 306 286 proverbiis
327 239 455 282 loquar
474 237 585 277 vobis,
603 236 666 272 sed
680 236 806 281 palam
825 236 868 271 de
889 237 999 271 Patre
1032 238 1258 273 annuntiabo
1283 239 1384 274 vobis
1416 238 1576 284 (Joann.‚
1597 246 1687 283 XVI,

51 287 109 332 25)
128 299 135 330 ς
154 286 356 331 signanter
376 292 471 330 ergo
489 282 582 320 dicit
602 284 815 327 tonitruum,
846 281 895 319 ad
920 282 1282 321 manifestationem
1297 284 1593 322 insinuandam.

99 333 332 376 competunt
350 334 481 367 autem
499 329 619 367 verba
646 329 851 376 praemissa
879 331 1018 366 nostro
1038 331 1267 376 proposito;
1288 340 1380 369 nam
1400 332 1437 368 in
1466 331 1689 378 praeceden-

50 379 154 416 tibus
176 378 222 414 de
244 377 384 414 divinis
406 385 538 414 sermo
557 379 617 414 est
629 375 802 421 habitus,
825 376 1044 413 secundum
1080 376 1186 425 quod
1219 377 1267 414 ad
1298 378 1565 426 cognitionem
1597 378 1690 415 divi-

52 434 193 462 norum
213 424 405 461 naturalis
426 424 525 461 ratio
555 433 625 470 per
657 425 859 460 creaturas
894 423 1100 469 pervenire
1132 426 1286 470 potest;
1307 424 1533 471 imperfecte
1553 428 1687 462 tamen

52 476 89 509 et
110 471 329 509 secundum
350 470 819 517 proprii-possibilitatem
850 470 1014 517 ingenii,
1042 473 1085 507 ut
1118 471 1175 507 sic
1204 471 1406 516 possimus
1435 472 1565 509 dicere
1595 480 1687 509 cum

50 521 67 556 J
73 519 120 556 ol)
141 531 147 554 :
171 521 272 562 Eece,
294 519 366 554 haec
384 528 429 554 esc
444 520 550 565 parte
569 518 668 553 dicta
686 521 771 553 sunt
788 518 931 552 viarum
949 517 1039 562 ejus.

98 568 230 602 Restat
246 567 376 601 autem
398 573 529 602 sermo
548 563 756 601 habendus
779 564 827 601 de
846 563 909 601 his
928 573 1015 610 quae
1037 563 1154 601 nobis
1186 565 1356 601 revelata
1388 569 1479 602 sunt
1501 566 1689 604 divinitus

52 616 92 650 ut
113 612 320 657 credenda,
343 611 572 649 excedentia
590 611 834 648 intellectum
855 610 1090 647 humanum.

99 659 207 696 Circa
227 668 313 705 quae
334 658 501 706 qualiter
516 658 812 705 procedendum
836 658 886 695 sit
905 657 1112 703 praemissa
1131 656 1252 694 verba
1276 666 1352 695 nos
1383 658 1537 695 docent.
1557 660 1685 704 Quum

51 706 155 744 enim
171 707 372 743 veritatem
391 705 457 742 vix
474 705 718 743 audierimus
738 705 779 741 in
798 705 1053 742 sermonibus
1069 713 1192 741 sacrae
1208 704 1428 750 Scriptum,
1447 706 1562 752 quasi
1582 706 1687 743 stilla

50 762 170 800 parva
191 753 236 789 ad
261 762 335 790 nos
353 752 634 796 descendente,
657 761 729 789 nec
743 752 871 798 possit
888 751 1032 798 aliquis
1051 751 1092 788 in
1107 751 1228 798 hujus
1245 751 1332 788 vitae
1346 754 1449 788 statu
1468 752 1684 790 tonitruum

51 800 336 847 magnitudinis
355 800 513 843 intueri,
534 799 609 836 erit
629 799 693 837 hic
714 799 858 836 modus
880 798 1100 836 servandus
1120 801 1164 835 ut
1185 807 1231 835 ea
1250 807 1337 846 quae
1357 799 1396 834 in
1432 799 1686 836 sermonibus

51 856 175 884 sacrae
196 847 403 892 Scripturae
424 849 518 884 sunt
536 846 678 883 tradita
699 846 811 893 quasi
840 846 1034 892 principia
1064 847 1286 890 sumantur,
1308 847 1346 882 et
1375 845 1434 882 sic
1462 855 1508 883 ea
1538 855 1625 893 quae
1644 846 1686 883 in

53 894 305 931 sermonibus
328 894 523 940 praedictis
544 894 697 931 occulte
717 894 834 930 nohis
857 893 1066 930 traduntur
1085 892 1316 930 studeamus
1338 895 1538 939 utcunque
1555 897 1686 933 mente

51 950 204 986 capere,
229 951 251 977 a
273 941 512 978 laceratione
543 940 762 977 infidelium
796 940 1068 984 defendend03
1092 942 1135 976 ut
1154 942 1285 976 tamen
1314 940 1572 986 praesumptio
1603 949 1688 985 per-

53 989 151 1024 fec-te
173 988 443 1035 cognoscendi
464 997 544 1025 non
579 988 695 1025 adsit.
717 987 925 1024 Probanda
945 987 1047 1024 enim
1072 988 1167 1024 sunt
1193 986 1425 1033 hujusmodi
1453 987 1686 1024 auctoritate

53 1044 175 1071 sacrze
195 1035 414 1080 scripturae,
438 1044 519 1072 non
557 1037 687 1072 autem
720 1035 874 1071 ratione
895 1034 1092 1079 naturali3
1117 1033 1184 1071 sed
1219 1036 1364 1071 tamem
1394 1034 1686 1073 ostendendum

52 1086 111 1118 est
133 1082 237 1128 quod
257 1082 401 1118 rationi
418 1082 586 1119 naturali
601 1091 679 1119 non
703 1084 796 1118 sunt
813 1082 1007 1127 opposita,
1022 1085 1064 1118 ut
1084 1080 1131 1117 ab
1146 1081 1447 1127 impugnatione
1467 1080 1685 1118 infidelium

54 1128 329 1173 defendantur,
350 1129 417 1176 qui
439 1129 557 1166 etiam
578 1129 721 1166 modus
740 1129 781 1165 in
802 1129 997 1175 principio
1018 1128 1138 1174 th'us
1167 1128 1298 1173 operis
1319 1128 1686 1174 praedeterminatus

53 1179 125 1212 est.
148 1176 247 1218 Quia
267 1185 359 1212 vero
381 1176 573 1212 naturalis
594 1176 694 1212 ratio
715 1185 784 1221 per
805 1178 1006 1212 creaturas
1027 1175 1064 1210 in
1101 1174 1168 1211 Dei
1189 1174 1458 1222 cognitionem
1493 1175 1683 1217 ascendit,

53 1222 143 1258 fidei
163 1231 255 1258 vero
274 1222 449 1269 cognitio
470 1232 493 1259 a
512 1224 591 1259 Deo
613 1223 655 1258 in
671 1231 746 1259 nos
766 1232 785 1258 e
807 1231 1000 1259 converso
1023 1221 1155 1258 divina
1174 1221 1364 1258 relatione
1387 1221 1604 1266 descendit,
1625 1225 1688 1258 est

54 1272 185 1305 autern
209 1269 346 1305 eadem
368 1270 432 1306 via
453 1278 648 1307 ascensus
670 1273 707 1305 et
728 1270 960 1313 descensus,
984 1271 1137 1314 oportet
1157 1268 1293 1304 eadem
1315 1268 1378 1305 via
1396 1268 1610 1314 procedere
1644 1269 1685 1304 in

52 1316 116 1352 liis
138 1325 224 1362 quae
247 1325 366 1362 supra
395 1317 587 1353 rationem
622 1316 849 1360 creduntur,
872 1326 948 1363 qua
980 1316 1021 1352 in
1056 1315 1328 1361 superioribus
1359 1324 1593 1361 processum
1627 1318 1687 1352 est

53 1363 158 1399 circa
180 1373 225 1399 ea
245 1372 331 1409 quae
352 1364 504 1400 ratione
525 1363 814 1410 investigantur
834 1363 881 1399 de
899 1365 978 1399 Deo
1001 1375 1010 1399 ε

101 1411 145 1445 [t
166 1410 292 1455 primo
315 1409 468 1446 scilicet
487 1419 534 1446 ea
551 1412 768 1446 tractentur
786 1419 873 1456 quae
909 1409 955 1446 de
974 1410 1061 1454 ipso
1084 1411 1164 1445 Deo
1187 1417 1305 1454 supra
1330 1409 1524 1445 rationem
1545 1417 1686 1454 propo-

51 1461 214 1500 nuntur,
238 1456 339 1493 sicut
359 1459 419 1493 est
439 1456 642 1493 confessio
661 1456 860 1493 Trinitatis
880 1456 928 1502 (c.
949 1456 1061 1502 2-26).

102 1503 283 1539 Secundo
305 1506 450 1547 autem,
473 1503 521 1540 de
540 1502 604 1540 his
626 1512 712 1550 quae
733 1512 853 1548 supra
872 1503 1064 1539 rationem
1081 1512 1103 1539 a
1118 1503 1197 1538 Deo
1219 1504 1313 1538 sunt
1331 1502 1446 1547 facta,
1464 1502 1566 1540 sicut
1585 1510 1687 1549 opus

53 1550 341 1586 incarnationis
358 1554 395 1587 et
411 1559 499 1597 quae
519 1553 740 1597 sequuntur
755 1550 803 1586 ad
820 1550 947 1596 ipsam
970 1550 1018 1596 (c.
1039 1549 1176 1595 27-78).‘

102 1597 228 1633 Tertio
248 1606 356 1641 vero,
379 1606 425 1633 ea
445 1606 532 1643 quae
553 1606 673 1643 supra
692 1597 886 1633 rationem
909 1598 949 1633 in
970 1596 1108 1633 ultimo
1134 1595 1343 1633 hominum
1361 1596 1439 1633 fine
1461 1599 1689 1643 exspectan-

51 1646 127 1682 tur,
152 1644 253 1680 sicut
273 1644 511 1681 resurrectio
533 1646 570 1680 et
590 1643 826 1692 glorificatio
854 1653 1080 1690 corporum,
1099 1644 1288 1689 perpetua
1315 1643 1518 1681 beatitudo
1536 1643 1687 1682 anima-

52 1698 140 1726 rum
162 1693 200 1727 et
218 1700 304 1737 quae
323 1690 387 1728 his
403 1694 695 1728 connectuntur
715 1691 762 1738 (c.
781 1691 918 1738 79-97).

746 1838 914 1880 CAPUT
942 1839 993 1879 II.

250 1957 352 1993 QUOD
379 1958 440 1987 SIT
465 1958 698 1995 GENERATIO,
724 1958 966 1988 PATERNITAS
992 1958 1042 1987 ET
1065 1957 1234 1987 FILIATIO
1260 1959 1302 1987 IN
1326 1957 1488 1987 DIVINIS.

101 2066 343 2111 Principium
366 2068 496 2102 autem
517 2064 854 2103 considerationis
872 2075 895 2102 a
909 2068 1062 2102 secreto
1081 2065 1223 2102 divinae
1238 2065 1508 2112 generationis
1530 2074 1689 2103 sumen-

53 2115 127 2149 tes.
153 2113 243 2159 quid
268 2113 314 2149 de
335 2122 380 2149 ea
401 2113 620 2149 secundum
643 2121 766 2150 sacrae
784 2112 992 2158 Scripturae
1013 2111 1251 2149 documenta
1281 2112 1421 2158 teneri,
1437 2111 1576 2149 debeat
1595 2121 1690 2159 prae-

54 2160 257 2196 mittamus
275 2172 283 2204 ;
309 2159 450 2196 dehinc
468 2168 560 2196 vero
581 2169 628 2197 ea
645 2168 731 2206 quae
751 2161 889 2196 contra
908 2159 1110 2195 veritatem
1131 2159 1222 2195 fidei
1250 2158 1463 2196 infidelitas
1487 2159 1690 2196 adinvenit

55 2210 290 2258 argumenta
325 2215 547 2252 ponamus:
568 2215 738 2253 quorum
774 2206 976 2244 solutione
994 2206 1185 2252 subjecta,
1203 2205 1323 2253 hujus
1351 2206 1688 2244 considerationis

52 2257 300 2299 propositum
320 2262 626 2300 consequemur.

101 2301 229 2337 Tradit
252 2301 371 2348 igitur
388 2300 505 2338 nobis
526 2309 638 2338 sacra
659 2300 859 2346 Scriptura
891 2301 932 2337 in
970 2300 1112 2337 divinis
1136 2300 1385 2346 paternitatis
1419 2303 1458 2337 et
1481 2299 1686 2338 filiationis

53 2348 230 2391 nomina,
260 2350 394 2385 Jesum
417 2347 614 2385 Christum
641 2347 781 2384 Filium
815 2347 883 2384 Dei
916 2350 1162 2392 contestans,
1185 2347 1291 2394 quod
1312 2348 1354 2384 in
1375 2347 1573 2394 scriptura
1590 2348 1688 2385 Novi

52 2395 288 2430 Testamenti
313 2395 637 2441 frequentissime
655 2394 868 2431 invenitur.
891 2394 1038 2432 Dicitur
1060 2394 1165 2431 enim
1188 2406 1197 2431 :
1218 2396 1327 2432 Nemo
1347 2396 1447 2430 'novit
1461 2395 1595 2430 Filium
1614 2396 1689 2431 nisi

51 2442 171 2481 Pater,
196 2452 307 2487 neque
338 2443 483 2478 Patrem
510 2443 591 2488 quis
624 2443 736 2486 novit,
757 2443 833 2477 nisi
864 2442 992 2478 Filius.
1017 2441 1176 2487 (illailla,
1205 2449 1262 2486 XI,
1283 2441 1357 2488 27).
1379 2440 1516 2478 Adhuc
1533 2443 1687 2479 Marcus

53 2496 169 2524 suum
194 2489 447 2536 Evangelium
466 2488 619 2534 incipit,
641 2489 779 2526 dicens
806 2489 982 2525 :Initium
1000 2489 1195 2533 Evanqeliz·
1220 2490 1303 2524 Jesu
1334 2489 1482 2530 Christi,
1500 2489 1589 2524 Filii
1606 2490 1686 2525 Dei.

52 2535 226 2572 Joanncs
247 2536 366 2572 etiam
396 2536 640 2583 evangelista
658 2535 736 2573 hoc
770 2536 996 2582 frequenter
1023 2535 1222 2577 ostendit3
1249 2535 1395 2573 dicitur
1423 2535 1529 2573 enim
1549 2536 1690 2572 :Pater

53 2580 176 2625 diligit
195 2583 354 2626 Filizcm3
376 2586 409 2619 et
425 2584 546 2619 omnia
565 2583 665 2619 dedit
690 2584 731 2619 in
760 2593 873 2619 manu
892 2583 971 2628 ejus
993 2582 1153 2629 (Joann.,
1173 2591 1231 2626 111,
1249 2582 1307 2627 35)
1326 2593 1336 2627 ;
1357 2586 1396 2620 et
1417 2594 1426 2619 :
1450 2582 1552 2619 Sicut
1577 2583 1687 2618 Pater

55 2630 204 2663 suscitat
222 2633 376 2666 mortuos
396 2632 430 2666 et
459 2631 635 2676 vivificat,
654 2631 706 2666 sic
734 2633 768 2666 et
795 2631 911 2666 Filius
941 2640 1029 2675 quos
1058 2631 1137 2666 vult
1165 2631 1339 2675 vivificat.
1371 2629 1531 2676 (Jocmn.‚
1550 2636 1591 2670 v,
1608 2627 1684 2674 2¹.)

54 2674 202 2711 Paulus
225 2677 341 2713 etiam
363 2676 571 2723 apostolus
590 2676 675 2714 haec
694 2677 814 2714 verba
844 2677 1072 2724 frequenter
1095 2677 1320 2721 interserit;
1341 2675 1437 2713 dicit
1464 2676 1568 2713 enim
1590 2685 1599 2710 :
1627 2674 1686 2710 Se-

52 2726 222 2764 yreslatus
244 2724 281 2756 in
300 2725 538 2768 Evvanqelium
554 2725 634 2765 Dei,
649 2724 745 2770 quod
765 2727 847 2760 ante
873 2726 1090 2770 promiserat
1106 2734 1175 2769 per
1188 2724 1386 2769 prophetas
1408 2732 1490 2759 suos
1503 2723 1542 2756 in
1560 2721 1685 2766 Scrip-

53 2770 146 2803 turz's
165 2770 313 2808 sanctis,
333 2770 376 2804 de
385 2771 478 2807 Filio
496 2781 560 2807 suo
581 2770 710 2817 (Rom,
731 2779 759 2814 Ι,
783 2770 854 2818 1-3)
873 2783 881 2815 ;
904 2774 940 2808 ei
962 2783 970 2808 τ
988 2772 1236 2815 Multifariam
1254 2771 1449 2815 multisque
1465 2768 1581 2804 modis
1600 2768 1686 2803 olim

51 2815 145 2849 Deus
167 2816 311 2859 loquens
326 2817 497 2860 patribus
516 2819 557 2853 in
571 2819 772 2864 prophetis,
795 2820 988 2854 novissime
1019 2818 1144 2854 diebus
1172 2819 1253 2854 istis
1285 2818 1422 2853 locutus
1453 2818 1505 2867 est
1523 2814 1625 2850 nobis
1645 2816 1684 2867 an

53 2862 157 2897 Filio.
181 2862 317 2908 (Remu,
339 2871 368 2908 1,
391 2865 426 2908 1,
446 2863 497 2910 2.)
513 2865 595 2903 Hoc
611 2865 729 2903 etiam
750 2865 929 2911 traditur,
950 2865 1043 2904 licet
1069 2865 1214 2910 rarius,
1234 2864 1275 2902 in
1307 2862 1514 2910 scripturis
1532 2863 1685 2900 Veteris
