1894 3223
709 98 797 135 ΗΒ.
825 98 889 142 111,
917 97 1017 135 CAP.
1042 97 1129 135 clx.
1660 98 1723 132 41¹

109 181 281 218 medium
311 182 372 217 est
402 179 505 216 inter
523 178 626 216 duos
651 188 826 221 orror-es,
877 188 1017 217 uorum
1050 188 1154 216 unus
1175 182 1238 216 est
1257 177 1476 216 secundum
1503 177 1609 230 plus,
1630 176 1728 214 alter

110 227 329 264 secundum
362 225 526 263 minus:
574 225 678 262 unde
709 226 859 263 sensibi
882 226 918 263 ia
944 230 981 263 et
1011 225 1235 272 corporalia
1264 225 1370 263 bona
1396 225 1439 262 in
1468 224 1611 276 medio·
1636 228 1730 276 sunt

110 279 225 319 prout
247 272 467 311 secundum
501 272 694 309 rationem
717 276 824 310 sunt.
846 275 933 310 Non
952 273 1106 310 videtur
1138 273 1261 319 igitur
1278 271 1386 320 quod
1416 271 1650 310 substantiae
1667 279 1727 308 in-

110 320 355 358 tellectuales
372 323 563 366 separatae
580 319 802 357 secundum
822 320 1066 358 voluntatem
1087 329 1251 366 peccare
1271 319 1444 366 possint.

158 368 340 413 Amplius,
377 366 506 413 magis
537 375 561 403 a
593 366 814 404 defectibus
845 371 997 404 remota
1037 367 1191 404 videtur
1231 366 1455 403 substantia
1496 365 1730 411 incorporea

110 423 229 462 quam
248 413 481 460 corporalis.
505 415 545 450 ln
568 413 804 452 substantiis
824 418 954 451 autem
976 414 1178 460 corporeis
1193 422 1281 460 quae
1305 416 1438 450 sunta
1452 412 1729 450 contrarietate

109 465 284 506 remotae,
304 461 439 498 nullus
457 460 634 498 derectus
652 460 831 498 accidere
846 465 988 507 potest,
1005 461 1158 498 scilicet
1171 460 1212 497 in
1227 460 1460 505 corporibus
1475 459 1727 503 coelestibus3

110 508 235 545 multo
256 507 377 554 igitur
396 507 530 544 minus
549 507 590 544 in
611 507 848 545 substantiis
869 508 1077 554 separatis,
1098 510 1136 544 et
1155 516 1179 544 a
1197 507 1475 544 contrarietate
1492 506 1669 550 remotis,
1691 509 1729 543 et

109 563 133 592 a
153 555 330 599 materia,
352 558 389 592 et
410 564 431 591 a
450 558 574 598 motu,
599 564 645 591 ex
665 555 810 601 quibus
830 554 984 592 videtur
1003 555 1182 593 defectus
1198 553 1471 602 aliquisposse
1484 553 1727 601 contingere,

109 601 270 649 aliquod
289 606 495 649 peccatum
513 602 745 649 contingere
767 604 911 648 potest.

765 747 934 789 CAPUT
974 747 1075 788 CIX.

318 869 418 902 QUOD
443 869 482 897 IN
507 867 738 897 DAEMONIBUS
763 867 897 898 POSSIT
913 868 1009 897 ESSE
1026 866 1229 897 PECCATUM
1246 868 1297 898 ΕΤ
1322 868 1525 902 QUALITER.

159 977 270 1022 Quod
289 981 418 1014 autem
440 977 481 1013 in
498 976 746 1013 daemonibus
768 976 818 1013 sit
853 980 1056 1022 peccatum
1075 977 1291 1015 voluntatis
1323 978 1577 1015 manifestum
1603 980 1664 1015 est
1683 987 1732 1015 ex

112 1024 343 1063 auctoritate
365 1033 486 1061 sacrae
507 1024 730 1068 scripturae.
753 1023 902 1060 Dicitur
921 1024 1041 1066 enim,
1064 1025 1077 1060 Ι
1097 1025 1225 1068 Joan.,
1244 1033 1303 1069 111,
1325 1027 1359 1068 8,
1382 1025 1487 1071 quod
1504 1026 1668 1061 diabolus
1686 1025 1732 1060 ab

110 1073 215 1108 initio
229 1073 375 1117 peccat,·
393 1073 431 1106 et
445 1071 573 1114 ioan„
589 1078 674 1113 vni,
692 1072 751 1112 44,
771 1070 817 1106 de
833 1069 991 1107 diabolo
1009 1070 1153 1107 dicitur
1169 1071 1275 1117 quod
1294 1074 1345 1107 cst
1364 1072 1540 1115 mendam,
1562 1074 1595 1107 et
1626 1074 1732 1117 pater

109 1118 300 1157 mendacii,
322 1120 360 1153 et
375 1116 481 1163 quod
502 1116 681 1152 homicida
698 1119 776 1151 erat
793 1116 837 1151 ab
857 1118 975 1152 initia.
999 1118 1041 1152 Et
1061 1118 1166 1164 Sap„
1200 1126 1243 1162 11,
1261 1120 1321 1162 24,
1342 1117 1486 1155 dicitur
1507 1118 1613 1165 quod
1641 1120 1732 1154 invi-

111 1166 175 1202 dia
194 1164 331 1200 diaboli
345 1173 440 1199 mors
459 1165 613 1199 intravit
625 1164 663 1198 in
681 1163 800 1198 orbem
816 1166 1008 1200 terrarum.

156 1212 194 1249 Si
215 1211 305 1258 quis
323 1215 453 1248 autem
476 1210 588 1256 sequi
610 1209 727 1246 vellet
748 1210 1041 1246 Platonicorum
1062 1210 1299 1256 positiones,
1323 1211 1451 1249 facilis
1470 1215 1576 1249 esset
1595 1212 1658 1249 via
1681 1212 1731 1250 ad

112 1258 346 1297 solvendum
368 1257 566 1304 praedicta.
589 1257 732 1294 chunt
763 1257 866 1293 enim
891 1257 1093 1294 daemones
1115 1266 1204 1294 esse
1230 1257 1420 1295 animalia
1446 1268 1573 1303 aerea,
1590 1263 1627 1295 et
1657 1259 1728 1304 sic,

111 1315 201 1344 cuni
223 1305 394 1342 habeant
413 1304 490 1342 sibi
511 1313 678 1349 corpora
697 1304 809 1340 unita
845 1307 976 1350 potest
1001 1304 1043 1341 in
1061 1304 1119 1342 eis
1138 1305 1256 1342 etiam
1274 1314 1363 1343 esse
1384 1315 1475 1351 pars
1510 1306 1729 1347 sensitiva;

112 1353 218 1390 unde
238 1356 276 1389 et
292 1352 502 1398 passiones
534 1360 622 1398 quae
643 1351 761 1388 nobis
793 1355 887 1388 sunt
921 1360 1044 1388 causa
1072 1352 1222 1397 peccati
1243 1352 1302 1389 eis
1321 1352 1552 1397 attribuunt,
1576 1353 1730 1390 scilicet

111 1400 228 1444 iram,
250 1403 288 1436 et
318 1399 468 1443 odium,
490 1401 529 1435 et
559 1398 639 1435 alia
672 1397 900 1444 hujusmodi
921 1401 1109 1444 :propter
1128 1398 1232 1445 quod
1269 1399 1364 1436 dicit
1392 1400 1582 1445 Apuleius
1615 1399 1728 1446 (teste

116 1448 156 1484 S.
177 1449 290 1492 Aug„
313 1447 366 1482 De
388 1446 467 1483 Civ.
491 1445 576 1490 Dei,
599 1444 625 1481 1.
649 1453 739 1490 viu,
762 1455 795 1482 c.
819 1445 875 1491 19)
898 1445 1003 1491 quod
1027 1449 1121 1482 suut
1141 1446 1276 1483 animo
1294 1447 1468 1492 passiva.

161 1495 324 1539 Propter
343 1493 419 1529 hoc
447 1492 563 1529 etiam
590 1492 696 1538 quod
733 1491 832 1528 uniti
863 1491 1097 1538 corporibus
1117 1501 1207 1530 esse
1227 1493 1486 1538 perhibentur
1508 1493 1727 1530 secundum

112 1540 336 1588 positiones
367 1539 557 1583 Platonis,
580 1538 679 1575 sorte
710 1541 848 1584 posset
881 1539 923 1574 in
955 1539 1013 1576 eis
1046 1539 1153 1575 aliud
1194 1549 1322 1586 genus
1358 1540 1601 1586 cognitionis
1633 1541 1729 1586 poni

115 1596 233 1635 quam
252 1586 502 1630 intellectus3
532 1594 623 1622 nam
640 1585 860 1622 secundum
886 1585 1169 1632 Platonem(De
1190 1586 1283 1633 leg„
1306 1586 1374 1623 lib.
1396 1587 1435 1633 x)
1457 1587 1574 1623 etiam
1597 1587 1730 1624 anima

115 1634 307 1672 sensitiva
338 1632 651 1679 incorruptibilis
672 1636 732 1669 est
753 1645 760 1668 :
784 1632 887 1669 unde
908 1637 1062 1678 oportet
1081 1633 1187 1679 quod
1213 1633 1354 1670 habeat
1374 1634 1644 1679 operationem
1664 1634 1729 1671 cui

115 1691 196 1718 non
218 1680 486 1718 communicet
501 1689 645 1725 corpus
664 1691 672 1723 ;
691 1685 728 1716 et
748 1679 806 1717 sic
827 1679 925 1716 nihil
946 1679 1128 1725 probibet
1148 1681 1417 1726 operationem
1433 1681 1632 1718 sensitivae
1648 1681 1730 1718 ani-

114 1738 188 1766 mae
221 1727 390 1764 inveniri
428 1727 470 1763 in
502 1726 727 1763 substantia
770 1726 903 1772 aliqua
945 1727 1217 1771 intellectuali,
1237 1728 1418 1774 quamvis
1453 1728 1608 1774 corpori
1648 1737 1730 1765 non

114 1776 249 1818 unita3
272 1778 310 1811 et
341 1782 410 1820 per
439 1782 691 1820 consequens
722 1773 957 1819 passiones,
978 1777 1016 1810 et
1046 1774 1103 1811 sic
1138 1778 1272 1811 manet
1301 1775 1343 1812 in
1361 1775 1420 1812 eis
1454 1775 1591 1812 eadem
1619 1775 1731 1812 radix

113 1821 303 1870 peccandi
323 1830 411 1868 quae
431 1820 550 1858 estin
571 1820 702 1857 nobis.
1206 1836 1208 1839 .

163 1868 237 1906 Sed
256 1872 464 1914 utrumque
484 1868 783 1913 praemissorum
796 1869 855 1904 est
872 1867 1133 1912 impossibile.
1153 1867 1266 1911 Quod
1281 1869 1385 1905 enim
1399 1877 1479 1905 non
1493 1869 1573 1905 sint
1587 1868 1728 1915 aliquae

114 1915 203 1954 aliae
221 1915 454 1953 substantiae
474 1914 763 1951 intellectuales
782 1914 902 1950 unitae
925 1915 1159 1960 corporibus
1180 1918 1321 1960 praeter
1341 1916 1495 1952 animas
1517 1916 1729 1959 humanas,

115 1967 322 2001 ostensum
347 1965 408 1999 est
429 1970 550 2007 supra
581 1961 662 2008 (lib.
684 1970 726 2006 11,
749 1970 834 2006 cap.
856 1960 929 2007 91).
950 1961 1063 2005 Quod
1083 1965 1215 1999 autem
1247 1962 1498 2008 operationes
1530 1963 1729 2000 sensitivae

115 2011 258 2047 animae
279 2018 359 2046 non
378 2009 536 2055 possint
552 2017 640 2046 esse
659 2008 746 2045 sine
767 2017 944 2060 corpore,
968 2009 1060 2046 hinc
1079 2012 1240 2055 apparet
1258 2009 1378 2056 quod,
1393 2013 1578 2056 corrupto
1596 2009 1730 2056 aliquo

116 2065 266 2103 organo
284 2055 773 2101 sentiendi,corrumpitur
792 2058 969 2101 operatio
990 2065 1069 2093 una
1087 2056 1375 2102 sensus,sicut‚
1390 2060 1575 2103 corrupto
1596 2056 1728 2101 oculo,

115 2103 218 2140 visio
251 2101 382 2139 deficit
400 2114 408 2138 :
430 2105 588 2148 propter
607 2102 727 2149 quod,
743 2105 928 2148 corrupto
953 2111 1104 2149 organo
1124 2106 1268 2149 tactus,
1290 2104 1378 2142 sine
1399 2113 1478 2152 quo
1496 2113 1578 2141 nou
1600 2107 1731 2150 potest

116 2159 207 2189 esse
223 2148 385 2193 animal,
406 2152 560 2194 oportet
579 2148 683 2195 quod
699 2148 845 2185 animal
866 2149 1070 2187 moriatur.

163 2196 219 2234 Ad
239 2195 475 2233 evidentiam
504 2199 634 2232 autem
654 2195 870 2241 praemissae
891 2195 1152 2234 dubitationis
1168 2196 1503 2235 considerandum
1529 2201 1589 2235 est
1608 2198 1729 2245 quod,

117 2243 223 2282 sicut
241 2245 303 2280 est
321 2242 418 2280 ordo
441 2242 483 2278 in
508 2242 643 2280 causis
660 2242 886 2294 agentibus,
907 2242 962 2279 ita
985 2243 1101 2280 etiam
1123 2243 1163 2280 in
1184 2244 1320 2282 causis
1337 2243 1538 2288 finalibus,
1560 2248 1604 2282 ut
1623 2245 1730 2282 scili-

117 2294 180 2327 cet
199 2289 460 2328 secundarius
481 2288 573 2326 finis
593 2299 617 2326 a
644 2288 852 2335 principali
882 2288 1113 2336 dependeat,
1133 2290 1237 2328 sicut
1266 2291 1547 2328 secundarium
1567 2300 1690 2337 agens
1708 2300 1733 2329 a.

116 2336 326 2384 principali
348 2335 554 2382 dependet.
575 2335 727 2373 Accidit
745 2339 877 2373 autem
896 2340 1099 2382 peccatum
1123 2337 1164 2374 in
1185 2338 1320 2375 causis
1341 2338 1550 2384 agentibus
1572 2337 1730 2384 quando

117 2383 397 2421 secundarium
428 2391 553 2430 agens
573 2383 652 2420 exit
670 2383 719 2420 ab
740 2383 879 2420 ordine
906 2383 1139 2430 principalis
1159 2385 1341 2431 agentis;
1379 2385 1495 2427 sicut,
1519 2394 1609 2421 cum
1634 2385 1733 2422 tibia

117 2430 250 2469 deficit
271 2433 431 2476 propter
450 2438 563 2467 suam
585 2430 816 2467 curvitatem
843 2429 891 2467 ab
912 2431 1145 2467 executione
1165 2435 1298 2468 motus
1328 2440 1445 2478 quem
1473 2430 1599 2468 virtus
1619 2440 1733 2477 appe-

117 2478 229 2515 titiva
259 2476 490 2523 imperabat,
511 2477 690 2523 sequitur
720 2476 971 2528 claudicatio.
993 2477 1057 2514 Sic
1087 2477 1210 2524 igitur
1231 2481 1269 2515 et
1300 2477 1341 2514 in
1364 2477 1498 2514 causis
1527 2477 1730 2523 finalibus,

117 2534 208 2563 cum
242 2523 336 2561 finis
364 2523 624 2561 secundarius
645 2532 726 2560 non
757 2526 982 2560 continetur
1000 2523 1075 2561 sub
1113 2523 1251 2561 ordine
1280 2524 1511 2570 principalis
1531 2524 1637 2570 finis,
1672 2529 1733 2563 est

116 2574 320 2618 peccatum
340 2570 570 2615 voluntatis,
590 2569 704 2616 cujus
723 2569 919 2616 objectum
941 2573 1001 2607 est
1019 2570 1168 2608 bonum
1188 2575 1231 2608 ut
1260 2570 1366 2608 finis.
1389 2571 1580 2616 Quaelibet
1599 2575 1731 2610 autem

116 2619 303 2656 voluntas
323 2617 555 2655 naturaliter
567 2617 651 2654 vult
664 2617 762 2654 illud
783 2617 889 2663 quod
910 2620 971 2654 est
989 2617 1194 2663 proprium
1210 2618 1381 2656 volentis
1397 2618 1561 2663 bonum,
1580 2619 1732 2656 scilicet

116 2665 249 2711 ipsum
269 2674 358 2702 esse
380 2665 611 2710 perfectum,
632 2667 671 2701 et
689 2672 770 2701 non
790 2666 920 2710 potest
939 2664 1181 2702 contrarium
1196 2664 1316 2711 hujus
1329 2665 1442 2703 velle.
1461 2667 1506 2703 In
1520 2666 1590 2703 illo
1610 2666 1732 2713 igitur

116 2712 274 2749 volente
307 2712 461 2750 nullum
490 2714 621 2757 potest
650 2714 856 2763 peccatum
894 2710 1110 2748 voluntatis
1141 2711 1318 2749 accidere
1343 2712 1458 2759 qu'us
1487 2712 1637 2750 bonum
1671 2717 1732 2751 est

118 2759 283 2797 ultimus
314 2758 432 2803 finis;
454 2758 558 2806 quod
595 2766 677 2796 non
709 2760 936 2810 continetur
971 2757 1045 2795 sub
1076 2758 1240 2797 alterius
1269 2759 1362 2798 finis
1393 2759 1546 2805 ordine,
1566 2760 1633 2798 sed
1655 2760 1730 2797 sub

118 2805 205 2852 ejus
224 2806 363 2844 ordine
394 2815 536 2844 omnes
556 2804 623 2843 alii
655 2804 756 2842 fines
789 2808 1056 2843 continentur.
1077 2805 1311 2852 Hujusmodi
1342 2809 1474 2844 autem
1502 2807 1640 2844 volens
1671 2810 1732 2844 est

119 2853 238 2900 Deus,
256 2853 370 2901 cujus
387 2862 476 2892 esse
497 2856 557 2892 est
577 2861 734 2892 summa
751 2851 923 2898 bonitas,
945 2862 1032 2899 quae
1052 2855 1111 2890 est
1131 2852 1295 2892 ultimus
1313 2852 1420 2892 finis.
1441 2856 1486 2892 In
1505 2855 1584 2892 Deo
1609 2854 1731 2901 igitur
