1894 3223
657 100 746 137 Liss.
772 100 822 146 ii,
847 100 951 138 CAP.
976 100 1095 138 xcvi.
1618 100 1695 136 249-

69 181 298 229 dicitquod,
320 181 424 218 sicut
440 181 482 218 in
501 184 584 219 tota
602 181 843 233 Angelorum
865 181 1117 219 multitudine
1147 184 1208 218 est
1226 179 1458 233 hierarchia·
1486 188 1686 226 suprema,

67 228 198 268 media
217 231 255 265 et
274 227 423 272 intima,
445 227 500 265 ita
519 227 561 265 in
575 227 751 275 qualibet
768 231 828 265 est
849 228 946 265 ordo
969 237 1192 274 supremus,
1215 227 1371 265 medius
1392 230 1430 264 et
1449 225 1627 273 infimus,
1648 231 1685 265 et

67 277 109 314 in
129 275 306 324 quolibet
325 275 464 312 ordine
484 275 673 322 supremi,
702 274 822 312 medii
840 278 879 313 et
908 274 1033 312 infimi
1056 274 1153 328 (Coel.
1182 276 1299 320 Hier„
1320 284 1354 312 e.
1379 274 1450 321 10).

117 324 190 360 Per
209 322 285 360 hoc
314 326 445 360 autem
480 321 702 359 excluditur
735 321 918 368 origenis
949 322 1111 368 positio,
1145 322 1211 370 qui
1242 322 1341 359 dixit
1370 321 1590 374 Περὶᾴρχ,,1,
1613 321 1648 368 5)
1667 330 1690 359 a

58 366 264 418 'principio
284 372 425 407 omnes
446 368 691 407 substantias
710 368 938 415 spirituales
953 370 1126 416 aequales
1141 372 1293 406 creatas
1315 369 1454 409 tuisse,
1471 372 1573 405 inter
1590 377 1689 415 quas

67 417 187 455 etiam
211 416 366 454 animas
381 419 662 460 connumerat3
681 415 891 453 diversitas
922 420 1052 454 autem
1074 426 1162 463 quae
1182 416 1222 453 in
1245 415 1475 462 hujusmodi
1505 415 1689 454 substan·

65 463 134 502 tiis
155 463 368 508 invenitur,
403 463 508 511 quod
542 463 722 511 quaedam
759 466 819 500 est
857 463 968 500 unita
987 464 1157 510 corpori,
1194 464 1373 510 quoeilam
1405 471 1486 500 11011
1508 462 1632 507 unita,
1653 466 1692 500 et

95 510 248 548 uaedam
271 511 401 552 altior,
428 510 609 557 quaedam
628 520 721 547 vero
742 510 920 556 inferior,
939 511 1119 557 provenit
1136 520 1180 547 ex
1204 510 1426 546 differentia
1442 510 1686 547 meritorum.

102 561 280 596 stensum
316 560 377 595 est
395 561 527 595 autem
549 558 596 604 (c.
629 560 688 603 44,
712 560 755 595 93
787 561 823 594 et
850 559 909 604 94)
938 558 1040 595 hanc
1067 558 1330 594 differentiam
1351 557 1545 603 graduum
1575 560 1688 594 natu-

66 604 190 642 ralem
212 614 316 650 esse,
352 607 391 642 et
425 604 531 652 quod
568 604 702 642 anima
738 614 818 642 non
853 609 913 642 est
947 604 1124 651 ejusdem
1156 604 1302 650 speciei
1325 613 1413 648 euin
1453 603 1688 641 substantiis

67 652 275 698 separati&
303 660 376 689 nec
406 650 505 698 ipsae
536 651 770 690 substantiae
803 656 993 698 separatae
1029 651 1293 695 adinvicem,
1312 659 1385 688 nec
1405 650 1523 688 etiam
1547 659 1688 688 secun·

68 698 160 736 dum
183 698 362 738 ordinem
384 702 534 738 naturae
555 698 742 747 aequales.
767 698 796 746 (I
816 703 931 745 part„
953 709 990 746 q.
1018 707 1056 745 L,
1073 702 1145 736 art.
1167 701 1189 735 2
1210 697 1259 735 ad
1286 697 1335 745 1.)

708 847 876 888 CAPUT
901 845 1039 888 XCVI.

72 966 173 1002 QUOD
195 965 444 1024 SUBffANTIAE
475 966 685 998 SEPARATAE
710 966 789 996 NON
818 966 1026 997 ACCIPIUNT
1054 966 1317 997 COGNITIONEM
1335 967 1386 996 EX
1413 967 1686 999 SENSIBILIBUS·

117 1075 172 1112 Ex
190 1073 412 1121 praemissis
431 1074 591 1113 ostendi
614 1077 746 1122 potest
777 1074 883 1122 quod
907 1075 1143 1114 substantiae
1176 1079 1368 1123 separatae
1389 1085 1470 1114 non
1490 1077 1691 1124 accipiunt

68 1121 350 1159 intellectivam
371 1122 641 1169 cognitionem
663 1131 712 1159 ex
740 1122 861 1160 rebus
895 1121 1170 1161 sensibilibus.

117 1168 332 1206 sensibilia
351 1169 474 1214 enim,
505 1168 727 1206 secundum
760 1177 875 1207 suam
908 1174 1108 1215 naturam,
1128 1173 1222 1208 nata
1239 1174 1334 1208 sunt
1354 1171 1599 1217 apprehendi
1622 1181 1690 1219 per

69 1225 249 1261 sensum,
287 1215 390 1254 sicut
427 1216 698 1263 intelligibilia
726 1226 796 1263 per
823 1216 1096 1263 intellectum;
1135 1218 1269 1255 omnis
1305 1218 1428 1265 igitur
1466 1219 1686 1258 substantia

70 1263 357 1311 cognoscitiva‚
380 1273 428 1302 ex
452 1263 716 1302 sensibilibus
735 1263 1014 1310 cognitionem
1033 1265 1255 1312 accipiens,
1277 1264 1398 1303 habet
1417 1266 1688 1313 cognitionem

69 1309 317 1364 sensitivam,
338 1313 472 1364 etper
497 1319 751 1360 consequens
785 1310 906 1348 babet
934 1320 1080 1358 corpus
1112 1312 1346 1350 naturaliter
1372 1313 1544 1358 unitum,
1566 1323 1688 1361 quum

71 1360 249 1405 cognitio
288 1362 481 1396 sensitiva
516 1359 603 1397 sine
642 1366 795 1405 organo
832 1367 1027 1405 corporeo
1048 1369 1138 1397 esse
1167 1368 1249 1397 non
1269 1360 1412 1406 possit.
1450 1361 1688 1400 Substaniiae

71 1409 203 1442 autem
223 1408 414 1451 separatae
440 1415 522 1444 non
546 1405 694 1444 habent
712 1413 881 1452 corpora
917 1407 1150 1444 naturaliter
1177 1406 1256 1445 sibi
1276 1407 1401 1452 unita,
1435 1411 1478 1444 ut
1504 1409 1688 1455 superius

72 1451 122 1499 (6.
146 1452 288 1504 911651
325 1455 549 1491 051611511111.
581 1455 669 1492 Νο11
708 1452 832 1499 igitur
868 1452 1149 1491 intellectivam
1186 1454 1458 1501 cognitionem
1495 1465 1541 1491 ex
1569 1455 1686 1493 rebus

72 1498 334 1536 sensibilibus
364 1504 541 1538 sumunt.

118 1547 303 1592 Amplius,
331 1547 486 1586 altioris
523 1547 680 1586 virtutis
714 1550 870 1594 oportet
901 1557 992 1586 esse
1024 1548 1144 1587 altius
1163 1548 1376 1595 objectum.
1406 1549 1536 1587 Virtus
1558 1554 1689 1588 autem

72 1594 315 1632 intellectiva
337 1595 572 1633 snbstantiae
604 1600 794 1642 separatae
827 1598 887 1632 est
918 1596 1036 1634 altior
1055 1605 1175 1643 quam
1205 1597 1267 1633 vis
1285 1596 1525 1634 intellectiva
1547 1598 1689 1634 animae

72 1643 272 1688 humanae,
295 1651 416 1690 quum
436 1642 663 1680 intellectus
683 1643 826 1680 animae
860 1643 1044 1680 humanae
1064 1644 1117 1680 sit
1136 1642 1297 1681 infimus
1318 1643 1357 1680 in
1378 1643 1518 1680 ordine
1538 1644 1689 1681 intelle—

74 1693 224 1734 ctuum,
243 1693 287 1727 ut
305 1699 353 1727 ex
365 1689 586 1736 praemissis
605 1688 654 1732 (c.
673 1690 735 1737 78)
752 1689 939 1735 liabetur;
957 1690 1182 1728 intellectus
1200 1694 1330 1728 autem
1346 1690 1530 1728 hunianae
1550 1691 1692 1729 animae

74 1736 271 1785 objectum
321 1741 381 1774 est
421 1737 678 1783 phantasma,
726 1740 768 1774 111
822 1746 944 1783 supra
993 1736 1042 1783 (6.
1092 1738 1150 1784 60)
1188 1738 1337 1774 dictum
1371 1741 1445 1781 est,
1485 1739 1591 1784 quod
1632 1743 1690 1776 est

69 1784 258 1832 superius
278 1783 320 1820 i’n
336 1782 474 1821 ordine
495 1783 712 1830 OJectorum
734 1793 852 1831 quam
867 1793 930 1821 res
946 1783 1151 1822 sensibilis
1167 1788 1275 1821 extra
1290 1784 1464 1821 animam
1477 1786 1690 1830 exsistens,

71 1832 177 1870 sicut
193 1841 240 1873 ex
262 1830 406 1870 ordine
425 1831 615 1868 virtutum
636 1831 925 1878 cognitivarum
943 1835 1119 1878 apparet.
1143 1831 1348 1878 Objectum
1368 1832 1491 1879 igitur
1510 1832 1692 1870 substan-

70 1879 137 1918 tiae
157 1882 349 1926 separatae
369 1887 450 1916 non
468 1881 599 1925 potest
618 1887 707 1916 esse
727 1887 792 1916 res
808 1878 1007 1916 exsistens
1030 1882 1139 1916 extra
1159 1879 1332 1917 animam
1353 1883 1397 1916 ut
1417 1879 1465 1916 ab
1485 1888 1531 1916 ea
1550 1880 1691 1917 imme—

72 1926 177 1965 diate
197 1926 365 1973 accipiat
390 1925 675 1973 cognitionem,
710 1935 838 1973 neque
865 1926 1127 1972 phantasma;
1160 1926 1398 1974 relinquitur
1432 1926 1553 1973 igitur
1586 1927 1691 1973 quod

72 1973 271 2012 ob'ectum
287 1973 513 2011 intellectus
533 1973 766 2011 substantiae
793 1976 985 2019 separatae
1006 1973 1059 2011 sit
1079 1973 1230 2020 aliquid
1258 1973 1380 2011 altius
1397 1973 1688 2019 phantasmate.

71 2021 118 2060 Ni
152 2020 179 2058 il
197 2024 328 2058 autem
344 2023 406 2058 est
425 2020 546 2058 altius
566 2020 842 2067 phantasmate
857 2020 898 2057 in
913 2020 1051 2057 ordine
1073 2021 1319 2067 obiectorum
1339 2021 1688 2067 cognoscibilium,

71 2068 153 2106 nisi
172 2068 212 2106 id
230 2067 336 2115 quod
360 2070 423 2106 est
450 2067 703 2114 intelligibile
734 2071 838 2105 actu.
871 2067 1109 2106 substantiae
1128 2068 1252 2115 igitur
1272 2071 1468 2113 separatae
1488 2076 1571 2105 non
1588 2069 1690 2106 acci·

71 2115 187 2162 piunt
215 2114 486 2163 cognitionem
511 2114 792 2152 intellectivam
825 2125 848 2153 a
875 2115 1151 2162 sensibilibus,
1181 2115 1252 2153 sed
1278 2115 1508 2162 intelligunt
1538 2124 1585 2152 ea
1602 2124 1690 2163 quae

71 2166 167 2201 sunt
186 2172 255 2209 per
275 2162 408 2209 seipsa
428 2161 547 2199 etiam
565 2161 846 2209 intelligibilia.

117 2209 265 2256 Adhuc,
288 2209 508 2247 secundum
525 2208 706 2247 ordinem
727 2210 999 2247 intellectuum
1020 2213 1082 2248 est
1099 2209 1197 2247 ordo
1213 2209 1541 2256 intelligibilium.
1555 2209 1629 2246 Sed
1647 2220 1691 2248 ea

72 2265 161 2303 quae
197 2261 290 2294 sunt
342 2256 580 2294 secundumv
607 2256 741 2302 seipsa
774 2257 1040 2304 intelligibilia
1077 2260 1173 2294 sunt
1212 2258 1431 2309 superiora,
1471 2256 1511 2292 in
1552 2256 1690 2293 ordine

8 2348 10 2350 ,
69 2302 401 2349 intelligibilium,
423 2303 487 2340 his
507 2312 595 2351 quae
615 2312 696 2341 non
725 2307 819 2341 sunt
851 2304 1121 2351 intelligibilia
1137 2303 1333 2356 nisiquia
1358 2312 1432 2340 nos
1454 2302 1624 2340 facimus
1646 2312 1692 2341 ea

72 2349 342 2396 intelligibilia
361 2362 370 2394 ;
392 2349 587 2397 ejusmodi
617 2354 748 2388 autem
776 2354 932 2397 oportet
956 2360 1047 2388 esse
1074 2351 1211 2388 omnia
1228 2349 1499 2396 intelligibilia
1518 2358 1540 2385 a
1562 2350 1690 2386 sensi-

71 2395 221 2434 bilibus
259 2399 431 2442 accepta,
453 2405 545 2433 nam
584 2397 793 2435 sensibilia
829 2407 912 2435 non
931 2401 1026 2435 sunt
1064 2397 1285 2435 secundum
1317 2405 1361 2433 se
1394 2395 1689 2442 intelligibilia3

29 2459 42 2476 υ
72 2443 304 2490 hujusmodi
335 2447 465 2480 autem
495 2443 764 2490 intelligibilia
801 2448 896 2482 sunt
927 2453 1014 2490 quae
1052 2444 1240 2490 intelligit
1274 2443 1501 2480 intellectus
1539 2446 1687 2480 noster.

71 2490 302 2528 Intellectus
340 2489 462 2536 igitur
495 2489 728 2527 substantiae
765 2494 969 2537 separatae,
1002 2499 1125 2536 quum
1163 2491 1216 2527 sit
1257 2490 1439 2535 superior
1487 2488 1689 2526 intellectu

72 2540 226 2581 nostro,
248 2546 327 2574 non
350 2535 537 2581 intelligit
557 2536 825 2583 intelligibilia
852 2547 876 2574 a
900 2537 1159 2574 sensibilibus
1185 2541 1358 2582 accepta,
1394 2535 1463 2573 sed
1485 2545 1571 2582 quaa
1596 2541 1689 2573 sunt

5 2580 16 2642 J
73 2584 294 2622 secundum
313 2592 355 2621 se
372 2582 641 2629 intelligibilia
660 2587 764 2621 actu.

119 2632 303 2678 Amplius,
324 2631 468 2669 modus
501 2630 744 2676 operationis
764 2629 932 2676 propriae
953 2629 1123 2677 alicujus
1152 2630 1209 2668 rei
1243 2629 1593 2678 proportionaliter
1611 2641 1689 2669 res-

71 2679 221 2724 pondet
239 2677 361 2716 modo
381 2677 615 2716 substantiae
636 2680 674 2714 et
693 2681 843 2714 naturae
863 2677 1005 2723 ipsius.
1028 2677 1257 2716 Substantia
1276 2681 1407 2715 autem
1428 2681 1609 2723 separata
1629 2682 1690 2715 est

73 2725 299 2763 intellectus
317 2735 386 2772 per
408 2734 451 2762 se
471 2725 660 2768 existens,
679 2732 761 2760 non
781 2724 822 2760 in
841 2732 1006 2770 corpore
1026 2724 1175 2771 aliquo.
1203 2725 1385 2771 Operatio
1423 2724 1546 2771 igitur
1572 2725 1687 2762 intel-

72 2770 256 2810 lectualis
273 2772 360 2819 ejus
380 2773 455 2810 erit
473 2771 783 2817 intelligibilium
804 2780 891 2822 quae
908 2779 990 2808 non
1008 2775 1101 2809 sunt
1115 2771 1278 2810 fundata
1296 2773 1339 2809 i'n
1352 2770 1486 2818 aliquo
1507 2780 1685 2818 corpore.

73 2817 217 2856 Omnia
234 2823 365 2856 autem
382 2818 652 2864 intelligibilia
671 2828 694 2856 a
713 2817 973 2855 sensibilibus
990 2822 1163 2865 accepta,
1186 2823 1279 2857 sunt
1299 2820 1341 2856 in
1372 2818 1573 2865 aliquibus
1600 2828 1685 2856 cor-

72 2865 237 2911 poribus
252 2866 476 2914 aliqualiter
493 2866 668 2908 sundata,
691 2865 795 2903 sicut
819 2865 1087 2913 intelligibilia
1106 2869 1243 2906 nostra
1261 2866 1303 2904 in
1324 2865 1683 2914 phantasmatibus,
