1894 3223
127 150 190 187 428
692 139 780 174 LIB.
807 138 872 181 111,
901 137 1002 173 CAP.
1030 136 1180 173 CXXIII.

121 231 198 269 lius
216 225 365 273 aliquid
386 225 569 269 operetur
589 219 775 257 manibus
796 217 1042 270 operandum
1059 229 1069 262 3
1087 218 1181 270 quia
1200 226 1270 270 per
1293 216 1525 270 hujusmodi
1547 215 1748 270 inordina-

122 281 186 315 tos
207 282 305 312 usus
324 272 474 308 bonum
494 267 670 305 hominis
691 274 773 303 non
788 264 957 309 multum
973 264 1205 311 impeditur3
1222 264 1450 301 inordinata
1463 273 1558 301 vero
1576 272 1745 301 seminis

124 320 289 362 emissio
315 318 511 363 repugnat
528 315 636 352 bono
655 316 819 354 naturae,
839 311 947 358 quod
968 314 1028 348 est
1047 311 1298 348 conservatio
1327 311 1477 357 speciei
1501 323 1511 348 :
1533 310 1640 348 unde
1658 314 1750 357 post

122 370 328 416 peccatum
348 361 570 406 homicidii,
591 370 671 408 quo
690 363 834 397 natura
853 359 1030 396 humana
1044 358 1127 404 jam
1148 359 1189 394 in
1210 361 1299 395 actu
1318 358 1495 396 existens
1517 357 1749 402 destruitur,

123 411 355 461 hujusmodi
377 419 504 457 genus
525 407 673 456 peccati
689 406 845 444 videtur
864 405 1087 444 secundum
1108 406 1241 443 locum
1266 408 1413 450 tenere,
1436 414 1515 452 quo
1538 404 1754 452 impeditur

121 460 329 512 generatio
346 459 530 495 humanae
547 459 713 493 naturae.
914 499 920 506 ·
954 499 961 505 ⁶
1177 498 1183 504 ⁶
1699 497 1706 505 .

173 509 262 545 llaec
283 509 415 543 autem
437 513 523 550 quae
542 502 750 550 praemissa
770 503 864 538 sunt
884 499 1019 537 divina
1033 501 1267 551 auctoritate
1281 497 1501 550 firmantur.
1515 498 1627 543 Quod
1644 506 1752 536 enim

126 554 293 593 emissio
313 552 481 590 seminis
498 560 545 588 ex
564 559 642 597 qua
661 549 794 596 prol-es
815 547 928 594 sequi
950 556 1032 584 non
1051 549 1183 592 potest
1203 549 1255 582 sit
1287 545 1428 582 illicita
1447 549 1554 591 patet
1576 555 1585 580 :
1605 546 1751 584 dicitur

125 602 246 646 enim,
269 601 372 644 Lev.‚
393 606 507 638 XVIII,
524 600 586 642 22,
608 599 654 634 23
674 608 683 633 :
705 596 793 633 Cum
808 594 966 631 masculo
984 603 1056 629 non
1068 593 1328 630 commiscearis
1341 594 1436 642 coitu
1447 594 1615 638 femineo,
1627 595 1660 628 et
1673 603 1754 629 cum

125 650 222 685 omni
246 657 373 693 pecore
392 655 463 681 non
482 645 615 687 coibis;
637 646 675 680 et
695 642 888 687 Corinth.²
908 649 964 686 VI,
983 643 1026 678 lo
1048 649 1057 675 τ
1078 641 1200 686 Neque
1219 639 1354 680 molles,
1375 649 1488 685 neque
1511 641 1754 676 masculorum

127 695 369 732 concubitores
388 702 540 737 reqnum
552 692 618 727 Dei
630 690 880 736 possidebunt.
1320 732 1327 739 ²
1630 732 1637 739 ⁶
1680 734 1686 738 .
1728 733 1734 739 ”

175 741 289 786 Quod
305 740 424 777 etiam
446 738 657 776 fornicatio
677 740 716 774 et
735 736 867 774 omnis
886 736 1016 774 coitus
1035 736 1178 782 praeter
1196 742 1396 781 propriam
1417 741 1583 770 uxorem
1605 736 1658 770 sit
1677 733 1755 770 illi-

127 789 230 827 citus
254 790 386 835 patet:
423 786 569 823 dicitur
593 784 991 829 enim,Deut.,xxiii‚
1025 786 1094 820 17:
1125 782 1207 819 Non
1234 782 1303 816 erit
1330 781 1502 816 meretrice
1537 780 1583 815 de
1609 780 1755 825 filiabus

125 836 253 877 Israel,
284 845 349 872 nec
368 835 544 870 scortator
561 831 606 868 de
623 833 710 877 siliis
726 831 853 872 Israel,
875 834 913 867 et
931 833 949 867 J
955 830 1017 874 ob,
1037 837 1096 874 iv,
1115 831 1156 866 17
1175 839 1185 865 :
1206 827 1361 864 Attende
1375 827 1443 863 tibi
1460 827 1505 862 ab
1519 828 1617 878 omni
1634 828 1753 870 forni-

128 885 279 924 catione,
312 883 348 917 ετ
372 883 508 926 praeter
525 889 675 916 uxorem
702 881 804 914 tuam
821 887 894 913 non
914 879 1077 924 patiaris
1098 877 1233 912 crimen
1250 876 1355 919 scire,
1378 877 1416 911 et
1445 875 1462 911 I
1482 872 1676 918 Corinth„
1697 881 1755 917 IV,

129 933 171 968 18
191 941 198 965 :
220 929 347 974 Fuqite
365 928 659 972 fornicationem.
1076 969 1082 976 ⁸
1180 969 1187 975 ἢ
1308 968 1314 974 ·
1369 967 1376 973 ⁸
1571 966 1578 973 ⁸
1616 966 1623 973 ⁸

176 978 250 1013 Per
280 976 356 1013 hoc
388 978 520 1012 autem
552 971 777 1011 excluditur
808 980 919 1010 error
937 971 1156 1008 dicentium
1177 978 1226 1021 in·
1240 976 1460 1020 emissione
1480 975 1648 1020 seminis
1669 974 1754 1019 non

130 1033 218 1061 esse
248 1022 378 1069 majus
410 1023 615 1067 peccatum
637 1028 755 1067 quam
784 1019 827 1056 in
848 1019 1017 1056 aliarum
1037 1016 1357 1065 superfluitatum
1380 1023 1614 1059 emissione,
1640 1017 1678 1051 et
1695 1014 1753 1051 di·

131 1070 305 1109 centium
325 1068 629 1107 fornicationem
652 1075 734 1105 non
755 1075 846 1105 esse
865 1069 1088 1114 peccatum.

755 1213 924 1256 CAPUT
965 1211 1141 1254 CXXIII.

438 1331 539 1367 Quen
564 1329 842 1361 MATRIMONIUM
868 1329 1024 1359 DEBEAT
1048 1329 1143 1358 Esse
1169 1304 1433 1359 lNDIVISIBILE.

180 1442 218 1479 Si
251 1441 340 1488 quis
361 1443 492 1478 autem
514 1443 619 1478 recte
644 1439 884 1483 consideret,
913 1438 1102 1485 praedicta
1120 1438 1221 1475 ratio
1241 1447 1322 1475 non
1344 1438 1476 1475 solum
1499 1438 1547 1475 ad
1564 1438 1641 1476 hoc
1669 1447 1758 1486 per·

132 1488 275 1527 ducere
295 1487 463 1532 videtur,
483 1491 524 1524 ut
543 1487 715 1524 societas
734 1486 857 1524 maris
877 1489 916 1522 et
935 1486 1092 1522 feminae
1112 1486 1153 1522 in
1174 1486 1350 1522 humana
1367 1489 1522 1531 natura,
1536 1494 1655 1532 quam
1675 1495 1758 1524 ma-

129 1535 363 1572 trimonium
383 1535 645 1580 appellamus,
665 1535 718 1571 sit
737 1533 939 1578 diuturna,
958 1533 1029 1570 sed
1049 1533 1167 1569 etiam
1188 1533 1240 1570 sit
1260 1542 1330 1579 per
1351 1536 1475 1569 totam
1499 1533 1635 1570 vitam.
1657 1533 1755 1571 Pos-

132 1583 338 1621 sessiones
365 1582 472 1618 enim
503 1581 553 1618 ad
586 1581 932 1618 conservationem
964 1580 1159 1618 naturalis
1190 1580 1280 1617 vitae
1312 1579 1575 1625 ordinantur;
1595 1583 1635 1617 et
1662 1580 1756 1627 quia

131 1629 326 1667 naturalis
351 1629 445 1673 vita,
471 1638 560 1675 quae
586 1628 813 1665 conservari
843 1636 926 1665 non
952 1630 1085 1674 potest
1102 1627 1145 1664 in
1165 1630 1274 1672 patre
1294 1630 1500 1674 perpetuo,
1522 1626 1638 1674 quasi
1659 1636 1757 1674 qua-

132 1677 222 1714 dam
255 1676 513 1713 successione
543 1675 764 1713 secundum
793 1674 942 1721 speciei
978 1673 1297 1719 similitudinem,
1330 1678 1590 1712 conservatur
1608 1674 1651 1711 in
1671 1673 1756 1711 filio

132 1723 353 1761 secundum
376 1726 573 1767 naturam,
595 1726 656 1760 est
674 1722 918 1760 conveniens
938 1724 981 1758 ut
999 1721 1042 1759 in
1063 1721 1126 1758 his
1146 1731 1234 1768 quae
1260 1725 1356 1758 sunt
1373 1721 1497 1768 patris
1514 1720 1703 1759 succedat
1720 1724 1761 1758 et

131 1770 254 1807 silius.
274 1770 458 1807 Naturale
477 1773 538 1807 est
557 1770 678 1816 igitur
697 1773 739 1808 ut
757 1768 986 1807 sollicitudo
1006 1768 1130 1814 patris
1148 1769 1197 1805 ad
1216 1767 1343 1806 filium
1378 1772 1537 1805 maneat
1556 1777 1684 1815 usque
1710 1768 1761 1805 ad

132 1817 252 1854 finem
273 1817 361 1854 vitae
387 1826 497 1861 suae3
525 1817 559 1853 si
587 1817 710 1863 igitur
737 1816 969 1854 sollicitudo
997 1815 1122 1861 patris
1144 1815 1192 1852 de
1211 1815 1294 1852 filio
1318 1819 1458 1852 causat
1474 1816 1592 1852 etiam
1613 1815 1655 1852 in
1676 1815 1758 1852 avi-

132 1864 208 1901 bus
231 1863 550 1901 convenientiam
570 1864 694 1901 maris
722 1866 761 1901 et
780 1863 952 1907 feminae,
974 1862 1073 1899 ordo
1093 1862 1288 1899 naturalis
1317 1862 1484 1908 requirit
1503 1861 1610 1908 quod
1631 1869 1760 1910 usque

134 1911 183 1949 ad
205 1910 323 1947 finem
342 1911 433 1946 vitae
454 1911 493 1946 in
512 1911 689 1948 humana
708 1910 839 1956 specie
860 1913 971 1955 pater
990 1912 1029 1946 et
1046 1912 1171 1946 mater
1186 1908 1306 1946 simul
1325 1912 1619 1946 commaneant.

181 1957 340 1994 Videtur
373 1957 491 1993 etiam
522 1957 698 2003 aequitati
727 1965 950 2002 repugnare
983 1956 1018 1993 si
1048 1955 1236 2001 praedicta
1277 1955 1451 1993 societas
1487 1955 1756 2001 dissolvatur;

134 2004 285 2042 femina
301 2003 407 2041 enim
427 2003 578 2049 indiget
598 2013 706 2041 mare
727 2012 808 2041 non
826 2003 957 2041 solum
977 2006 1137 2048 propter
1155 2002 1469 2049 generationem,
1485 2002 1591 2040 sicut
1610 2002 1650 2040 in
1666 2003 1760 2040 aliis

134 2050 390 2095 animalibus,
425 2050 495 2087 sed
527 2050 645 2088 etiam
677 2053 838 2096 propter
868 2049 1214 2096 gubernationem,
1244 2050 1338 2096 quia
1357 2058 1444 2087 mas
1465 2052 1525 2086 est
1545 2053 1584 2086 et
1602 2050 1760 2088 ratione

131 2098 357 2144 perfectior,
394 2100 432 2133 et
465 2097 608 2134 virtute
641 2097 806 2134 fortior:
843 2096 986 2133 mulier
1005 2105 1099 2133 vero
1121 2097 1169 2133 ad
1189 2096 1261 2133 viri
1284 2096 1515 2133 societatem
1538 2097 1759 2135 assumitur

131 2149 293 2192 propter
312 2144 592 2181 necessitatem
611 2144 896 2189 generationis.
919 2145 1108 2181 Cessante
1128 2143 1250 2189 igitur
1266 2143 1506 2181 fecunditate
1526 2143 1707 2181 mulieris
1721 2147 1763 2182 et.

133 2192 289 2237 decore,
304 2191 518 2237 impeditur
533 2200 584 2229 ne
603 2191 652 2228 ab
666 2191 746 2229 alio
761 2194 1003 2228 assumatur.
1022 2190 1061 2228 Si
1077 2190 1168 2237 quis
1182 2189 1304 2237 igitur
1319 2190 1526 2227 mulierem
1545 2199 1760 2230 assumens

132 2241 310 2284 tempore
334 2238 569 2285 juventutis,
601 2246 682 2285 quo
712 2241 751 2275 et
770 2238 889 2275 decor
918 2241 957 2275 et
976 2237 1200 2275 fecunditas
1218 2237 1253 2274 ei
1275 2237 1435 2282 adsunt,
1454 2246 1541 2275 eam
1561 2238 1762 2275 dimittere

131 2289 270 2332 posset
294 2288 506 2332 postquam
532 2289 646 2323 aetate
673 2288 860 2334 provecta
881 2284 1015 2330 fuerit,
1045 2284 1234 2322 damnum
1262 2284 1425 2322 inferret
1441 2284 1600 2322 mulieri
1620 2288 1762 2323 contra

130 2332 358 2370 naturalem
378 2332 620 2379 aequitatem.

178 2381 279 2421 Item,
311 2380 523 2417 manifeste
552 2381 715 2427 apparet
742 2378 1033 2418 inconveniens
1059 2387 1151 2417 esse
1179 2378 1214 2416 si
1247 2377 1391 2417 mulier
1409 2378 1538 2416 virum
1560 2377 1758 2416 dimittere

129 2427 274 2473 possit,
307 2435 399 2465 cum
428 2427 572 2464 mulier
600 2426 834 2466 naturaliter
859 2426 946 2464 viro
976 2426 1156 2474 subjecta
1186 2426 1239 2463 sit
1273 2429 1463 2473 tanquam
1484 2425 1756 2472 gubernatori.

130 2475 219 2511 Non
239 2476 301 2511 est
318 2477 450 2512 autem
467 2474 509 2512 in
526 2476 720 2520 potestate
737 2473 824 2522 ejus
844 2473 913 2522 qui
932 2472 1045 2511 alteri
1077 2472 1301 2520 subjicitur,
1323 2477 1367 2510 ut
1386 2474 1435 2510 ab
1456 2473 1542 2519 ejus
1562 2472 1759 2520 regimine

131 2520 324 2559 discedat.
351 2522 496 2559 Contra
520 2521 741 2560 naturalem
773 2521 896 2568 igitur
913 2520 1095 2558 ordinem
1130 2523 1253 2566 esset,
1274 2519 1311 2558 si
1332 2520 1475 2557 mulier
1493 2521 1622 2557 virum
1643 2519 1758 2556 dese·

130 2575 217 2604 rere
237 2571 388 2619 posset.
411 2568 451 2605 Si
472 2577 568 2615 ergo
584 2568 645 2606 vir
663 2567 846 2607 deserere
866 2571 1004 2615 posset
1022 2566 1247 2612 mulierem,
1263 2575 1345 2605 non
1365 2570 1474 2604 esset
1493 2576 1609 2614 aequa
1626 2565 1757 2603 socie·

130 2616 192 2651 tas
212 2615 285 2651 viri
307 2615 355 2652 ad
370 2615 594 2661 mulierem,
614 2615 686 2654 sed
708 2616 879 2654 servitus
904 2614 1086 2663 quaedam
1106 2624 1155 2652 ex
1169 2618 1280 2661 parte
1299 2613 1494 2652 mulieris.
1691 2657 1698 2664 ,

179 2661 369 2712 Ρνρειτονεα,
404 2662 635 2701 hominibus
655 2663 850 2701 naturalis
879 2662 1060 2710 quaedam
1079 2661 1311 2700 sollicitudo
1331 2661 1436 2699 inest
1450 2661 1498 2698 de
1517 2657 1754 2710 certitudine

132 2707 284 2753 prolis3
309 2708 416 2760 quod
448 2713 609 2755 propter
638 2709 716 2748 hoc
740 2710 1013 2748 necessarium
1039 2712 1113 2754 est,
1144 2708 1240 2756 quia
1273 2707 1381 2746 filius
1409 2707 1597 2758 diuturna
1627 2709 1754 2757 patris

133 2753 420 2800 gubernatione
439 2756 605 2803 indiget.
638 2758 904 2804 Quaecumque
931 2757 1054 2803 igitur
1073 2755 1349 2793 certitudinem
1368 2753 1493 2801 prolis
1515 2752 1753 2804 impediunt,

134 2803 228 2837 sunt
259 2804 397 2838 contra
426 2804 647 2841 naturalem
677 2804 911 2842 instinctum
936 2804 1121 2841 humanae
1141 2802 1303 2850 speciei.
1325 2802 1365 2838 Si
1386 2803 1516 2838 autem
1537 2808 1597 2835 vir
1615 2803 1754 2845 posset

133 2847 251 2885 etiam
276 2848 482 2885 mulierem
510 2849 721 2892 dimittere,
752 2851 813 2888 vel
843 2850 986 2888 mulier
1003 2851 1147 2894 virum,
1174 2853 1212 2886 et
1232 2848 1341 2886 alteri
1363 2846 1563 2892 copulare,
1586 2845 1753 2892 impedi-

133 2898 241 2933 retur
259 2894 452 2934 certitudo
472 2896 613 2943 prolis,
630 2897 725 2936 dum
740 2897 883 2936 mulier
901 2907 924 2935 a
937 2897 1066 2944 primo
1084 2895 1258 2944 cognita,
1271 2893 1525 2941 postmodum
1541 2903 1564 2931 a
1576 2892 1754 2932 secundo
