1894 3223
130 149 197 183 190
720 141 810 177 LIB.
837 141 884 184 11,
913 140 1013 176 CAP.
1041 139 1174 175 LXVII.

773 309 939 349 CAPUT
966 308 1102 349 LXVI.

366 429 516 459 CONTRA
540 427 739 457 PONENTES
764 427 1030 457 INTELLECTUM
1048 427 1098 455 ET
1117 426 1265 455 SENSUM
1283 426 1376 454 ESSE
1402 424 1510 453 IDEM.

179 540 246 577 His
268 542 398 575 autem
419 536 685 583 propinquum
708 536 783 572 fuit
804 536 910 583 quod
940 535 1101 582 quidam
1134 536 1386 582 antiquorum
1418 533 1751 580 philosophorum

130 586 374 625 intellectum
392 594 414 622 a
435 592 558 621 sensu
580 592 661 619 non
691 582 848 620 differre
868 582 1155 628 opinabantur;
1189 583 1294 629 quod
1315 582 1476 629 quidem
1497 580 1751 627 impossibile

130 638 205 671 est.

180 681 330 716 Sensus
351 678 457 714 enim
479 678 518 714 in
541 676 729 714 omnibus
751 675 992 713 animalibus
1009 675 1222 712 invenitur.
1243 675 1329 712 Alia
1348 678 1478 713 autem
1498 674 1687 712 animalia
1702 673 1753 712 ab

131 727 295 764 homine
329 725 574 761 intellectum
606 733 685 761 non
708 723 879 767 haben13
902 722 1007 769 quod
1028 732 1075 758 ex
1097 722 1172 759 hoc
1192 726 1351 768 apparet
1367 722 1461 769 quia
1481 731 1561 758 non
1585 730 1754 767 operan-

130 778 194 810 tur
223 773 378 809 diversa
405 775 440 808 et
471 771 666 817 opposita,
695 770 808 817 quasi
837 770 1080 806 intellectum
1111 768 1310 812 habentia,
1341 769 1410 805 sed
1440 769 1544 805 sicut
1563 778 1586 804 a
1613 772 1756 805 natura

131 824 240 858 mota
269 819 316 856 ad
338 819 619 855 determinatas
640 817 833 864 quasdam
855 817 1107 863 operationes
1137 820 1174 852 et
1200 815 1420 853 uniformes
1440 815 1482 851 in
1503 815 1640 852 eadem
1661 823 1754 860 spe-

131 869 205 951 lcie,
238 867 340 903 sicut
360 866 492 902 omnis
520 865 692 901 hirundo
718 863 903 901 similiter
931 863 1119 900 nidificat.
1145 864 1228 899 Non
1259 866 1320 899 est
1351 862 1472 909 igitur
1500 861 1605 898 idem
1637 860 1753 898 intel-

150 919 261 951 ectus
282 918 320 950 et
340 921 499 950 sensus.

179 961 324 1000 Adhuc,
346 968 491 997 sensus
508 967 590 996 non
612 963 672 995 est
693 957 992 1005 cognoscitivus
1013 956 1091 993 nisi
1111 956 1375 1003 singularmm
1393 967 1402 1000 ;
1424 955 1633 1002 cognoscit
1648 955 1754 992 enim

135 1008 268 1046 omnis
291 1007 482 1043 sensitiva
501 1006 680 1052 potentia
701 1014 768 1051 per
791 1005 944 1050 species
965 1003 1242 1047 individuales,
1264 1012 1384 1050 quum
1406 1003 1570 1049 recipiat
1600 1002 1754 1048 species

133 1064 263 1092 rerum
287 1055 327 1090 in
361 1053 525 1099 organis
560 1052 848 1098 corporalibus.
868 1051 1096 1088 Intellectus
1117 1054 1247 1086 autem
1269 1053 1330 1087 est
1349 1049 1646 1096 cognoscitivus
1668 1049 1754 1085 uni-

134 1102 366 1145 versalium,
389 1105 429 1137 ut
451 1109 520 1146 per
543 1100 852 1145 experimentum
874 1102 992 1144 patet.
1024 1097 1160 1133 Differt
1180 1097 1301 1143 igitur
1319 1097 1544 1133 intellectus
1565 1106 1588 1133 a
1608 1105 1748 1133 sensu.

181 1149 366 1193 Amplius,
398 1147 574 1193 cognitio
600 1155 744 1183 sensus
769 1155 850 1182 non
873 1154 916 1181 se
944 1144 1119 1181 extendit
1139 1144 1216 1180 nisi
1238 1144 1286 1180 ad
1318 1143 1562 1189 corporalia;
1585 1143 1689 1190 quod
1707 1151 1756 1179 ex

135 1196 210 1232 boc
236 1198 340 1240 patet
361 1194 467 1241 quod
488 1193 700 1240 qualitates
723 1192 950 1236 sensibiles,
973 1200 1060 1238 quae
1082 1194 1175 1228 sunt
1191 1190 1350 1236 propria
1367 1190 1521 1236 obJecta
1546 1198 1754 1234 sensuum,

135 1251 216 1279 non
252 1245 345 1278 sunt
375 1241 452 1277 nisi
486 1241 525 1276 in
555 1239 853 1285 corporalibus;
880 1239 967 1275 sine
1000 1238 1058 1275 eis
1087 1241 1217 1274 autem
1249 1246 1393 1274 sensus
1412 1237 1511 1274 nihil
1533 1237 1754 1283 cognoscit.

137 1289 366 1325 Intellectus
396 1291 524 1324 autem
557 1287 765 1333 cognoscit
794 1285 1073 1331 incorporalia,
1095 1284 1199 1321 sicut
1218 1284 1467 1330 sapientiam,
1487 1284 1690 1320 veritatem
1718 1285 1758 1320 et

135 1336 354 1372 relationes
377 1343 520 1370 rerum.
541 1336 626 1370 Non
647 1337 707 1370 est
727 1333 847 1379 igitur
867 1333 969 1368 idem
990 1331 1214 1368 intellectus
1235 1335 1272 1367 et
1291 1340 1450 1368 sensus.

183 1382 445 1422 Itemsix‘ullus
477 1389 622 1417 sensus
655 1380 830 1425 seipsum
861 1379 1070 1425 cognoscit
1096 1387 1167 1414 nec
1192 1387 1303 1414 suam
1327 1378 1596 1423 operationem
1614 1389 1622 1421 ;
1643 1378 1756 1414 visus

137 1430 242 1466 enim
263 1437 343 1464 non
363 1428 466 1464 videt
486 1427 663 1473 seipsum
686 1436 757 1462 nec
777 1426 882 1463 videt
902 1435 944 1462 se
964 1425 1121 1469 videre;
1145 1424 1213 1461 sed
1232 1424 1307 1461 hoc
1332 1425 1550 1470 superioris
1570 1425 1757 1470 potentiae

137 1481 211 1518 est,
237 1479 278 1511 ut
300 1475 488 1520 probatur
508 1474 548 1510 in
570 1473 746 1510 secundo
765 1476 816 1509 De
836 1474 959 1508 anima
981 1471 1086 1517 (text.
1110 1480 1253 1508 comm.
1279 1473 1344 1507 136
1367 1474 1404 1507 et
1423 1470 1554 1517 infra).
1577 1471 1756 1508 Intellec-

135 1526 200 1559 tus
236 1526 365 1558 autem
395 1521 603 1568 cognoscit
632 1520 808 1565 seipsum
839 1524 877 1556 et
897 1518 1105 1565 cognoscit
1124 1527 1166 1555 se
1187 1518 1424 1565 intelligere.
1445 1520 1530 1554 Non
1551 1521 1611 1554 est
1634 1517 1758 1564 igitur

136 1569 240 1606 idem
258 1568 483 1604 intellectus
504 1571 540 1603 et
559 1576 716 1604 sensus.

183 1617 373 1655 Praeterea,
398 1623 541 1652 sensus
557 1614 823 1659 corrumpitur
843 1613 891 1650 ab
913 1613 1120 1650 excellenti
1148 1612 1346 1650 sensibili.
1368 1611 1596 1648 Intellectus
1623 1614 1756 1648 autem

137 1671 219 1699 non
256 1662 522 1707 corrumpitur
552 1661 599 1697 ab
633 1660 900 1707 intelligibilis
931 1660 1164 1697 excellentia
1183 1671 1192 1704 3
1228 1659 1324 1706 quin
1354 1659 1435 1695 imo
1469 1659 1535 1705 qui
1569 1657 1760 1704 intelligit

136 1709 285 1755 majora
308 1712 437 1754 potest
454 1708 598 1744 melius
612 1707 866 1753 postmodum
884 1707 1038 1744 minora
1052 1707 1288 1754 intelligere.
1311 1707 1375 1743 Est
1394 1705 1515 1752 igitur
1535 1705 1612 1742 alia
1631 1704 1758 1741 virtus

137 1756 331 1794 sensitiva
348 1759 385 1792 et
405 1755 658 1793 intellectiva.

773 1900 941 1942 CAPUT
971 1900 1126 1941 LXVII.

252 2022 403 2052 CONTRA
427 2021 625 2050 PONENTES
651 2021 916 2050 INTELLEGTUM
939 2020 1168 2050 POSSIBILEM
1192 2020 1286 2049 ESSE
1310 2019 1641 2049 IMAGINATIONEM.

187 2130 285 2168 Huic
324 2134 454 2167 autem
485 2129 665 2176 opinioni
697 2128 816 2166 affine
843 2128 916 2165 fuit
947 2128 1053 2175 quod
1075 2127 1236 2175 quidam
1256 2131 1479 2174 posuerunt
1514 2127 1761 2164 intellectum

138 2177 373 2261 pOSSitpillem
407 2185 489 2214 non
519 2185 609 2213 esse
635 2176 744 2213 aliud
777 2184 896 2222 quam
928 2175 1282 2222 imaginationem3
1320 2175 1425 2222 quod
1457 2174 1616 2222 quidem
1656 2177 1763 2221 patet

141 2234 231 2262 esse
269 2234 290 2260 a
309 2233 411 2261 sum.

188 2271 424 2317 Imaginatio
445 2270 550 2307 enim
572 2273 632 2307 est
652 2270 771 2306 etiam
791 2270 832 2305 in
853 2269 945 2306 aliis
960 2268 1201 2306 animalibus
1218 2280 1227 2312 ;
1246 2268 1361 2315 cujus
1381 2269 1542 2315 signum
1560 2271 1620 2305 est
1639 2267 1760 2314 quod,

139 2317 380 2357 abeuntibus
413 2317 689 2360 sensibilibus,
718 2316 876 2362 fugiunt
906 2316 967 2352 vel
989 2319 1281 2362 persequuntur
1301 2325 1374 2359 ea3
1410 2315 1516 2362 quod
1538 2323 1619 2352 non
1640 2317 1762 2360 esset,

139 2365 220 2402 nisi
239 2365 280 2401 in
301 2364 358 2401 eis
379 2364 617 2411 imaginaria
636 2363 900 2409 apprehensio
922 2363 1174 2399 sensibilium
1192 2365 1426 2399 remaneret.
1442 2361 1671 2398 Intellectus
1692 2370 1762 2397 au-

139 2415 220 2449 tem
249 2411 291 2448 in
313 2412 371 2448 eis
392 2420 473 2448 non
503 2414 577 2455 est,
604 2419 726 2457 quum
758 2409 911 2446 nullum
934 2418 1035 2455 opus
1054 2409 1281 2446 intellectus
1300 2409 1342 2445 in
1368 2408 1428 2446 eis
1449 2411 1650 2455 appareat.
1677 2409 1760 2444 Non

143 2463 202 2496 est
223 2458 345 2504 igitur
366 2458 469 2494 idem
491 2457 718 2494 intellectus
738 2460 776 2493 et
795 2457 1046 2503 imaginatio.

189 2505 333 2556 Adhuc,
348 2505 581 2551 imaginatio
600 2513 681 2542 non
702 2507 762 2541 est
781 2502 1135 2550 nisicorporalium
1154 2506 1192 2539 et
1211 2501 1623 2550 singularium‚quum
1636 2500 1763 2546 phan-

141 2554 247 2588 tasia
267 2553 319 2589 sit
337 2556 468 2589 motus
489 2551 618 2589 factus
637 2560 660 2588 a
679 2559 802 2589 sensu
824 2551 1041 2588 secundum
1065 2553 1210 2594 actum,
1232 2553 1273 2586 ut
1294 2549 1439 2587 dicitur
1457 2548 1498 2585 in
1520 2546 1696 2584 secundo
1712 2547 1763 2582 De

144 2600 269 2634 anema
291 2598 397 2644 (text.
420 2607 564 2636 comm.
590 2598 686 2645 161).
708 2596 935 2634 Intellectus
955 2601 1085 2634 autem
1099 2596 1386 2634 universalium
1396 2599 1434 2633 et
1449 2592 1761 2640 incorporalium

145 2647 220 2681 est.
242 2646 326 2680 Non
348 2648 408 2682 est
427 2645 549 2692 igitur
567 2644 796 2682 intellectus
815 2644 1024 2690 possibilis
1046 2643 1294 2689 imaginatio.

192 2691 375 2734 Amplius,
398 2691 647 2737 impossibile
668 2695 729 2728 est
750 2691 855 2728 idem
876 2700 966 2728 esse
985 2699 1150 2727 movens
1165 2693 1203 2726 et
1215 2692 1380 2726 motum.
1396 2686 1470 2725 Sed
1484 2686 1763 2732 phantasmata

145 2740 307 2773 movent
325 2737 569 2775 intellectum
599 2738 847 2784 possibilem,
881 2738 986 2775 sicut
1017 2736 1226 2774 sensibilia
1253 2742 1432 2778 sensum,
1461 2737 1506 2770 ut
1529 2732 1762 2770 Aristoteles

147 2783 243 2820 dicit
265 2783 328 2829 (De
348 2784 484 2824 anima,
505 2793 563 2827 111,
582 2788 675 2821 text.
693 2794 842 2822 comm.
870 2784 944 2830 30).
964 2782 1216 2830 Impossibile
1235 2784 1296 2819 est
1314 2781 1436 2828 igitur
1454 2778 1561 2827 quod
1582 2779 1633 2816 sit
1656 2779 1761 2816 idem

147 2829 375 2868 intellectus
396 2830 602 2875 possibilis
623 2834 661 2867 et
677 2831 925 2877 imaginatio.

196 2878 386 2917 Praeterea,
408 2876 616 2922 probatum
637 2881 710 2919 est,
731 2878 773 2913 ir
792 2878 908 2914 tertio
927 2879 978 2913 De
996 2878 1122 2912 anima
1142 2875 1248 2918 (text.
1275 2881 1420 2910 comm.
1441 2871 1493 2919 6),
1520 2872 1626 2919 quod
1646 2872 1762 2909 intel-
