1894 3223
654 125 743 161 LlB.
773 125 835 169 111,
865 125 966 163 CAP.
994 124 1138 161 CXXIV.
1638 127 1706 164 429

82 210 404 255 cognosceretur.
438 208 505 244 Est
533 205 656 252 igitur
680 209 820 243 contra
849 206 1069 244 naturalem
1088 205 1322 244 instinctum
1348 205 1497 252 speciei
1517 206 1701 245 huniance

81 255 189 303 quod
210 254 352 292 mulier
371 263 394 290 a
411 253 498 290 viro
519 256 736 298 separetur.
756 253 819 290 Sic
841 254 962 299 igitur
982 263 1063 291 non
1083 254 1215 292 solum
1237 253 1479 298 diuturnam,
1501 253 1571 290 sed
1602 254 1703 291 indi-

83 302 258 344 viduam,
275 303 430 347 oportet
449 308 538 337 esse
555 299 594 336 in
617 299 791 336 humana
810 301 940 345 specie
963 301 1085 338 maris
1100 304 1138 337 et
1159 301 1315 338 feminae
1332 300 1670 347 conjunctionem.

128 349 312 394 Amplius,
335 347 511 384 amicitia
530 350 679 394 quanto
701 346 826 391 major
845 352 918 390 est,
939 352 1047 384 tanto
1073 348 1188 384 debet
1207 357 1297 384 esse
1318 347 1471 385 firmior
1493 351 1531 385 et
1552 348 1703 386 diutur-

82 395 185 433 nior.
220 396 326 431 Inter
355 394 484 431 virum
516 398 646 430 autem
682 397 720 430 et
752 395 958 430 mulierem
992 395 1164 431 maxima
1193 394 1367 431 amicitia
1400 404 1490 432 esse
1524 396 1702 441 videtur3

83 442 309 480 adunantur
328 441 434 478 enim
470 449 549 478 non
573 441 703 477 solum
725 440 766 476 in
793 445 881 478 actu
911 442 1084 479 carnalis
1117 441 1284 487 copulae,
1319 451 1406 487 qua}
1444 442 1561 479 etiam
1602 443 1704 480 inter

81 489 231 526 bestias
248 488 461 536 quamdam
481 497 642 525 suavem
664 487 895 526 societatem
916 488 1020 532 facit,
1043 488 1113 525 sed
1132 489 1249 525 etiam
1267 487 1316 524 ad
1332 489 1454 525 totius
1471 490 1699 527 domesticae

84 535 402 573 conversationis
417 535 663 572 consortium
681 547 690 579 ;
712 535 814 571 unde
833 535 875 571 in
895 535 1056 581 signum
1078 535 1335 581 hujus‚homo
1357 540 1515 582 propter
1536 546 1699 575 uxorem

83 583 201 620 etiam
239 586 389 629 patrem
428 586 467 619 et
495 586 660 618 matrem
700 581 885 626 dimittit,
924 587 966 618 ut
1003 583 1148 619 dicitur
1169 583 1277 625 Gen„
1308 590 1350 626 11,
1379 585 1437 619 24.
1453 584 1701 622 Conveniens

82 629 204 676 igitur
234 629 416 676 estquod
438 629 735 666 matrimonium
758 629 810 665 sit
826 629 991 666 omuino
1012 629 1306 671 indissolubile.

131 676 302 714 Ulterius
341 680 474 714 autem
504 676 838 713 considerandum
865 676 970 723 quod
1000 676 1102 713 inter
1128 675 1329 713 naturales
1350 680 1462 715 actus
1485 678 1570 715 sola
1591 687 1707 724 gene-

82 723 183 761 ratio
218 723 268 761 ad
296 723 447 761 bonum
468 727 618 761 naturae
649 723 878 760 ordinatur:
920 732 1011 760 nam
1048 723 1242 760 comestio
1285 725 1322 759 et
1359 723 1526 760 aliarum
1566 734 1705 770 super-

81 769 281 808 fluitatum
313 770 478 808 emissio
510 770 558 808 ad
587 770 836 807 individuum
857 771 1067 816 pertinent,
1093 770 1297 817 generatio
1314 779 1407 807 vero
1423 771 1471 807 ad
1493 780 1704 809 conserva-

83 818 234 854 tionem
255 818 416 864 speciei.
440 817 562 862 Unde,
585 826 675 854 cum
699 818 761 854 lex
791 818 1021 855 instituatur
1050 817 1098 854 ad
1119 817 1269 855 honum
1296 826 1522 861 commune,
1547 828 1593 854 ea
1613 828 1701 865 quae

111 864 282 902 ertinent
306 865 354 902 ad
381 865 679 911 generationem
718 864 842 911 prolis
872 868 1027 910 oportet
1058 864 1214 911 legibus
1246 864 1419 901 ordinari
1443 868 1480 901 et
1500 865 1645 901 divinis
1667 869 1706 903 et

82 873 285 949 Ennianis.
298 913 420 958 Leges
430 916 558 949 autem
574 912 712 957 positae
728 915 883 958 oportet
898 911 1003 958 quod
1019 921 1066 948 ex
1081 911 1250 948 naturali
1268 912 1458 948 instinctu
1474 912 1704 959 procedant,

83 958 118 995 si
141 959 324 996 humanae
353 963 460 1002 sunt,
493 959 595 995 sicut
627 959 744 995 etiam
776 959 817 995 in
838 959 1018 996 scientiis
1038 958 1360 996 demonstrativis
1378 960 1510 996 omnis
1532 959 1706 998 humana

83 1005 262 1043 inventio
292 1015 340 1042 ex
371 1006 579 1052 principiis
601 1005 832 1042 naturaliter
863 1006 1037 1052 cognitis
1053 1006 1210 1042 initium
1233 1005 1380 1043 sumit:
1401 1006 1435 1043 si
1458 1010 1589 1044 autem
1611 1006 1706 1045 divi-

83 1061 144 1089 nae
176 1056 283 1096 sunt,
311 1061 390 1088 non
424 1052 555 1089 solum
584 1052 816 1090 instinctum
846 1057 995 1089 naturae
1029 1053 1239 1098 explicant,
1273 1053 1341 1090 sed
1364 1053 1483 1090 etiam
1506 1053 1702 1092 desectum

82 1098 276 1136 naturalis
298 1098 513 1136 instinctus
533 1099 732 1145 supplent,
751 1099 855 1136 sicut
870 1109 916 1136 ea
939 1109 1026 1145 quae
1048 1100 1238 1137 divinitus
1258 1100 1495 1145 revelantur,
1516 1104 1706 1147 superant

83 1145 278 1183 naturalis
300 1145 467 1183 rationis
484 1146 756 1191 capacitatem.
779 1147 874 1183 Cum
896 1146 1018 1192 igitur
1037 1146 1253 1184 instinctus
1273 1147 1466 1184 naturalis
1487 1148 1539 1184 sit
1559 1148 1600 1184 in
1617 1158 1704 1195 spe-1

85 1192 145 1230 cie
178 1192 352 1230 humana
384 1192 433 1230 ad
465 1192 542 1230 hoc
573 1192 679 1239 quod
715 1192 944 1239 conjunctio
976 1193 1099 1230 maris
1120 1197 1158 1230 et
1178 1193 1336 1230 femin-<e
1356 1193 1409 1230 sit
1429 1194 1646 1238 individua,
1670 1198 1706 1232 et

84 1239 190 1286 quod
210 1239 262 1277 sit
277 1248 356 1277 una
367 1239 487 1277 unius
506 1251 515 1284 ;
538 1239 713 1286 oportuit
727 1240 803 1276 hoc
823 1240 909 1287 lege
931 1240 1105 1278 humana
1125 1240 1350 1278 ordinatum
1365 1249 1467 1278 esse.
1485 1243 1560 1278 Lex
1575 1246 1705 1278 autem

84 1286 222 1324 divina
235 1287 578 1333 supernaturalem
596 1287 807 1333 quamdam
833 1287 1027 1324 rationem
1048 1288 1212 1334 apponit
1231 1297 1278 1324 ex
1293 1287 1586 1334 significatione
1605 1289 1707 1326 inse-

82 1333 272 1380 parabilis
289 1333 585 1380 conjunctionis
600 1334 743 1371 Christi
765 1338 804 1371 et
824 1334 1023 1380 Ecclesiae,
1058 1344 1145 1382 quae
1181 1338 1242 1372 est
1276 1344 1355 1371 una
1392 1336 1525 1372 unius.
1549 1336 1611 1372 Sic
1633 1337 1704 1383 igi-

84 1385 149 1418 tur
168 1380 489 1418 inordinationes
521 1381 626 1418 circa
657 1385 788 1418 actum
809 1381 1080 1428 generationis
1110 1391 1190 1418 non
1212 1382 1343 1419 solum
1365 1382 1571 1419 instinctui
1593 1389 1706 1420 natu-

83 1427 156 1464 rali
191 1431 428 1475 repugnant,
461 1427 533 1465 sed
562 1427 681 1465 etiam
707 1428 815 1474 leges
843 1428 998 1467 divinas
1029 1432 1068 1465 et
1099 1428 1296 1467 humanas
1333 1430 1704 1476 transgrediuntur:

84 1473 192 1511 unde
221 1475 328 1512 circa
350 1475 426 1512 hoc
446 1474 576 1521 magis
602 1484 651 1512 ex
670 1475 965 1512 inordinatione
985 1479 1171 1522 peccatur
1187 1485 1306 1524 quam
1325 1476 1431 1514 circa
1455 1477 1706 1523 superfluita-

83 1524 163 1558 tem
182 1520 274 1566 cibi,
296 1524 362 1558 aut
383 1521 546 1559 alterius
561 1521 806 1567 hujusmodi.

132 1568 234 1612 Quia
251 1577 345 1605 vero
361 1577 526 1606 necesse
540 1571 601 1605 est
615 1568 664 1606 ad
680 1568 720 1606 id
735 1568 841 1615 quod
853 1571 914 1606 est
925 1569 1118 1615 optimum
1133 1569 1175 1607 in
1187 1569 1350 1608 homine
1364 1570 1444 1608 alia
1457 1571 1593 1607 omnia
1605 1571 1707 1609 ordi-

85 1615 187 1660 nari,
217 1615 448 1662 conjunctio
473 1615 596 1653 maris
628 1619 666 1652 et
700 1615 856 1652 feminae
884 1624 964 1652 non
1000 1616 1131 1654 solum
1165 1616 1225 1655 sic
1255 1617 1438 1654 ordinata
1469 1621 1530 1655 est
1549 1618 1705 1664 legibus

86 1661 308 1700 secundum
341 1662 447 1709 quod
473 1661 521 1700 ad
542 1662 699 1715 prolem·
714 1662 980 1708 generandam
999 1664 1183 1709 pertinet,
1205 1667 1248 1701 ut
1267 1668 1326 1701 est
1347 1664 1387 1700 in
1415 1664 1504 1702 aliis
1525 1666 1706 1703 animali-

83 1707 175 1754 bus,
197 1709 267 1746 sed
289 1709 407 1746 etiam
425 1709 644 1746 secundum
665 1710 771 1756 quod
792 1710 976 1747 convenit
997 1711 1044 1747 ad
1056 1710 1186 1748 bonos
1206 1720 1352 1756 mores,
1375 1721 1475 1758 quos
1490 1712 1587 1749 ratio
1600 1716 1707 1751 recta

83 1755 264 1802 disponit
291 1755 351 1792 vel
381 1759 572 1803 quantum
602 1756 652 1793 ad
674 1756 875 1793 hominem
912 1757 1132 1795 secundum
1163 1767 1221 1803 se,
1250 1758 1313 1795 vel
1348 1759 1568 1795 secundum
1599 1760 1706 1806 quod

82 1801 205 1840 homo
232 1805 294 1840 est
323 1811 416 1848 pars
436 1802 664 1840 domesticae
683 1803 843 1840 familiae
863 1807 931 1840 aut
959 1804 1088 1842 civilis
1108 1805 1326 1842 societatis.
1349 1806 1404 1841 Ad
1423 1815 1524 1852 quos
1545 1807 1705 1853 quidem

80 1849 212 1887 bonos
247 1858 379 1887 mores
411 1850 581 1896 pertinet
612 1849 818 1887 individua
850 1850 1079 1897 conjunctio
1112 1852 1234 1889 maris
1255 1856 1292 1889 et
1313 1852 1496 1889 feminae:
1519 1853 1577 1889 sic
1598 1854 1703 1892 enim

83 1895 337 1949 eritfidelior
364 1905 477 1936 amor
505 1897 626 1934 unius
659 1897 707 1934 ad
742 1897 924 1942 alterum,
957 1898 1050 1934 dum
1071 1902 1322 1945 cognoscunt
1342 1908 1385 1936 se
1406 1899 1705 1938 indivisibiliter

82 1947 334 1989 conJunctoS.
372 1944 452 1981 Erit
483 1944 602 1981 etiam
628 1944 836 1991 utriusque
869 1945 1081 1982 sollicitior
1112 1956 1207 1984 cura
1236 1947 1277 1983 in
1309 1946 1428 1983 rebus
1456 1946 1704 1994 domesticis,

82 1989 177 2027 dum
201 1999 244 2028 se
263 1995 452 2037 perpetuo
472 1999 779 2028 commansuros
799 1992 841 2028 in
871 1992 1095 2029 earumdem
1115 2003 1247 2031 rerum
1280 1994 1541 2039 possessione
1570 1995 1706 2032 existi-

81 2040 192 2074 mant
210 2049 220 2082 3
241 2037 530 2075 subtrahuntur
549 2038 667 2075 etiam
685 2048 733 2075 ex
753 2039 828 2076 hoc
849 2038 1139 2077 discordiarum
1160 2041 1352 2088 origines,
1385 2050 1485 2088 quas
1506 2045 1705 2087 oporteret

83 2084 278 2130 accidere,
301 2085 335 2122 si
352 2085 412 2121 vir
430 2093 595 2122 uxorem
614 2085 841 2131 dimitteret,
860 2086 964 2123 inter
983 2096 1072 2123 eum
1092 2091 1129 2124 et
1148 2088 1397 2135 propinquos
1415 2088 1553 2125 uxoris
1573 2100 1582 2133 ;
1605 2092 1643 2125 et
1663 2088 1706 2127 fit

80 2130 235 2169 firmior
265 2131 368 2168 inter
396 2131 538 2169 affines
558 2131 745 2170 dilectio:
766 2133 961 2170 tolluntur
982 2134 1099 2171 etiam
1132 2134 1418 2172 adulteriorum
1452 2136 1703 2181 occasiones,

80 2187 170 2225 quae
198 2178 400 2223 darentur,
429 2179 465 2217 si
490 2179 552 2216 vir
578 2187 742 2216 uxorem
770 2179 967 2217 dimittere
986 2184 1137 2227 posset,
1170 2185 1239 2219 aut
1258 2192 1279 2219 e
1302 2191 1513 2220 converso.
1535 2184 1608 2220 Per
1627 2183 1704 2220 hoc

80 2225 188 2262 enim
204 2225 364 2263 daretur
380 2225 445 2263 via
465 2225 621 2263 facilior
636 2226 879 2263 sollicitandi
900 2228 1155 2265 matrimonia
1174 2229 1318 2267 aliena.

129 2272 228 2309 Hinc
247 2275 308 2309 est
327 2273 433 2319 quod
455 2272 613 2318 dicitur,
634 2273 785 2319 Matth.,
799 2283 829 2311 v
848 2277 885 2310 et
903 2282 986 2319 xrx,
1008 2277 1044 2318 9,
1065 2278 1103 2312 et
1123 2277 1137 2311 1
1155 2276 1347 2322 Corinth„
1367 2284 1440 2322 vn,
1463 2278 1534 2315 10:
1554 2279 1630 2321 qu
1643 2287 1706 2315 au-

80 2320 150 2354 tem
169 2319 246 2355 dico
263 2320 364 2355 vobis
384 2330 533 2356 umorem
551 2320 601 2356 'ad
620 2320 766 2356 libitum
785 2331 808 2356 α
824 2322 903 2357 viro
927 2332 1000 2357 ‘non
1013 2322 1206 2359 discedere.

128 2365 203 2402 Per
220 2365 296 2417 hoc
315 2369 447 2403 autem
467 2366 690 2404 excluditur
702 2367 951 2405 consuetudo
968 2368 1251 2406 dimittentium
1272 2378 1431 2414 uxores,
1449 2369 1555 2416 quod
1572 2373 1704 2407 tamen

79 2411 123 2463 in
153 2414 274 2448 veteri
296 2412 382 2458 lege
403 2413 642 2459 permissum
681 2414 756 2451 fuit
773 2414 922 2452 Judaeis
942 2419 1102 2462 propter
1122 2424 1260 2452 eorum
1281 2416 1480 2459 duritiam,
1512 2416 1606 2462 quia
1625 2417 1704 2454 sci-

79 2457 173 2494 licet
201 2458 316 2504 proni
348 2463 460 2496 erant
491 2460 540 2496 ad
570 2460 817 2498 occisionem
851 2470 1034 2498 uxorum.
1067 2462 1312 2499 Permissum
1347 2472 1440 2508 ergo
1472 2462 1546 2499 fuit
1566 2463 1701 2502 minus

79 2504 232 2598 malum}
264 2504 314 2542 ad
347 2505 634 2544 excludendum
661 2507 792 2553 majus
825 2507 989 2545 malum.
1023 2508 1053 2555 (1
1083 2508 1308 2554 Sent.,dist.
1328 2517 1469 2555 xxxm,
1490 2513 1617 2556 quaest
1647 2519 1702 2556 xl,

713 2634 882 2676 CAPUT
922 2634 1096 2678 CXXIV.

353 2742 453 2776 QUOD
479 2741 759 2771 MATRIMONIUM
784 2743 940 2772 DEBEAT
963 2743 1058 2772 ESSE
1084 2742 1201 2774 UNIUS
1221 2743 1276 2774 Al>
1302 2745 1426 2775 UNAM.

127 2833 467 2875 Considerandum
488 2838 619 2872 autem
634 2833 790 2871 videtur
809 2834 916 2882 quod
930 2834 1111 2872 innatum
1131 2838 1193 2873 est
1203 2837 1405 2875 mentibus
1427 2838 1605 2876 omnium
1621 2840 1696 2876 ani·

77 2879 244 2918 malium
271 2890 359 2928 quae
380 2881 488 2919 coitu
513 2883 679 2919 utuntur
701 2880 809 2929 quod
844 2882 1092 2920 consortium
1114 2882 1155 2920 in
1173 2884 1349 2932 compari
1367 2894 1447 2923 non
1464 2886 1670 2932 patiuntur
1688 2896 1699 2925 ³,
