1894 3223
690 139 778 176 LlB.
810 139 838 183 l,
865 139 966 176 CAP.
994 139 1107 176 LXXI.
1656 146 1702 181 77

84 217 205 256 sistit.
243 218 492 265 Relinquitur
520 218 641 265 igliur
673 219 779 265 quod
814 221 916 261 Deus
938 220 1146 266 cognoscit
1169 230 1246 259 non
1269 222 1399 259 solum
1423 223 1586 269 nobilia,
1632 228 1701 263 sed

86 265 204 302 etiam
229 274 275 302 ea
290 274 376 312 quae
393 265 484 302 vilia
506 269 706 311 putantur.

132 311 276 352 Adhuc,
298 312 429 348 vilitas
448 312 699 358 cognitorum
722 313 760 349 in
782 318 1088 359 cognoscentem
1119 324 1197 352 non
1221 315 1411 354 redundat
1439 327 1507 363 per
1543 329 1597 356 se.
1622 322 1702 358 Hoc

85 362 148 395 est
168 359 275 395 enim
297 358 344 395 de
364 359 516 395 ratione
538 359 797 405 cognitionis,
820 365 860 396 ut
886 370 1136 405 cognoscens
1159 363 1360 400 contineat
1380 366 1534 409 species
1551 368 1699 413 cogniti

86 405 306 442 secundum
329 406 490 442 modum
512 415 642 442 suum.
667 408 739 443 Per
759 407 945 443 accidens
965 412 1094 444 antem
1118 413 1246 454 potest
1265 411 1483 448 redundare
1505 413 1542 449 in
1558 409 1702 456 cogno-

86 455 262 489 scentem
282 452 413 489 vilitas
429 453 695 499 cognitorum,
712 454 771 489 vel
788 463 834 490 eo
850 454 969 500 quod,
993 455 1084 491 dum
1107 456 1199 492 vilia
1221 458 1458 502 considerat,
1481 470 1504 496 a
1534 461 1703 498 nobilio-

85 498 199 536 ribus
219 499 462 536 abstrahitur
481 500 719 545 cogitandis,
738 501 797 536 vel
818 510 864 537 eo
889 501 992 548 quod
1015 512 1062 538 ex
1082 503 1400 541 consideratione
1420 506 1555 543 vilium
1574 508 1611 543 in
1637 509 1705 545 ali-

86 555 189 592 quas
209 546 407 583 indebitas
428 545 661 584 affectiones
680 548 920 592 inclinatur;
944 549 1048 595 quod
1071 550 1228 595 quidem
1251 551 1290 586 iii
1314 553 1392 589 Deo
1414 562 1501 589 esse
1523 564 1601 591 non
1633 565 1703 601 po-

84 595 178 638 test,
198 597 241 630 ut
259 603 307 630 ex
344 594 461 630 dictis
482 593 583 640 (cap.
603 597 647 631 38
665 598 702 631 et
723 595 779 640 39)
802 599 918 640 patet.
939 598 1023 631 Non
1043 596 1163 641 igitur
1193 598 1355 644 derogat
1387 599 1528 637 divinae
1561 602 1704 639 nobili-

84 639 156 676 tati
179 640 318 677 vilium
340 650 470 678 rerum
493 641 684 687 cognitio,
710 641 778 678 sed
800 642 929 688 inagis
952 643 1117 688 pertinet
1139 644 1186 680 ad
1209 644 1380 681 divinam
1403 649 1701 694 perfectionem,

86 687 307 770 secundum
322 688 427 735 quod
450 690 586 725 omnia
604 689 644 725 in
664 698 706 725 se
728 689 814 735 ipsa
835 690 964 733 hahet,
989 693 1029 726 ut
1047 699 1167 736 supra
1182 690 1281 737 (cap.
1304 695 1343 728 31
1369 697 1406 729 et
1424 694 1480 741 54)
1499 700 1704 734 ostensum

133 781 278 826 Adhuc,
297 782 422 819 virtus
442 783 574 829 aliqua
592 792 670 819 non
689 783 889 827 judicatur
908 792 1039 828 parva,
1062 793 1148 829 quse
1170 784 1210 820 in
1231 795 1349 830 parva
1363 791 1505 833 potest,
1528 791 1594 828 sed
1615 801 1702 838 quae

87 827 136 864 ad
158 837 277 874 parva
297 829 591 867 determinatur.
614 832 708 866 Nam
730 831 853 866 virtus
872 839 958 875 quae
980 830 1018 865 in
1042 839 1185 875 magna
1198 836 1339 877 potest,
1362 835 1479 872 etiam
1502 841 1631 882 potest
1659 840 1701 876 in

86 884 220 920 parva.
243 877 424 922 Cognitio
445 886 539 923 ergo
568 887 654 923 quse
675 877 793 913 simul
816 880 944 922 potest
964 876 1004 912 in
1026 876 1176 914 nobilia
1207 883 1243 915 et
1262 880 1369 924 vilia,
1393 891 1470 918 non
1511 888 1570 920 est
1602 886 1702 929 iudi-

87 922 213 959 canda
225 923 327 967 vilis,
349 924 416 960 sed
440 924 508 960 illa
522 934 607 970 quic
626 924 666 960 in
684 924 934 960 viliatantum
951 926 1091 968 potest,
1112 924 1214 961 sicut
1235 926 1275 962 iii
1295 927 1411 965 nobis
1429 924 1700 969 accidit.‘Nam

88 969 167 1006 alia
186 971 505 1007 consideratione
526 971 828 1007 consideramus
850 970 982 1006 divina
1003 974 1041 1006 et
1061 971 1248 1017 humana,
1272 978 1308 1009 et
1344 975 1421 1012 alia
1442 977 1609 1015 seientia
1643 982 1704 1017 est

88 1016 310 1063 utriusque,
333 1017 437 1054 unde
458 1017 752 1066 comparatione
773 1017 984 1053 nobilioris
1005 1017 1169 1054 inferior
1188 1019 1302 1056 vilior
1329 1027 1543 1067 reputatur.
1562 1028 1601 1061 ln
1624 1028 1702 1063 Deo

89 1067 320 1100 autemnon
343 1068 403 1101 est
423 1064 505 1108 sic;
540 1073 631 1101 iiam
663 1064 799 1100 eadem
830 1064 997 1100 scientia
1029 1068 1067 1100 et
1096 1066 1415 1105 consideratione
1455 1072 1629 1116 seipsum
1668 1077 1705 1110 et

89 1110 224 1147 omnia
243 1111 322 1147 alia
356 1110 595 1147 considerat.
628 1113 713 1148 Non
740 1111 861 1157 igitur
882 1111 967 1157 ejus
987 1111 1163 1150 scientiae
1184 1113 1316 1161 aliqua
1341 1115 1472 1154 vilitas
1494 1119 1704 1157 ascribitur

87 1165 135 1195 ex
153 1156 229 1193 hoc
249 1157 354 1204 quod
370 1167 628 1205 quaecumque
648 1158 745 1194 vilia
764 1159 988 1203 cognoscit.

135 1203 232 1241 Huic
254 1208 382 1241 autem
406 1209 601 1242 consonat
622 1205 727 1251 quod
750 1205 906 1250 dicitur,
925 1206 1030 1250 Sap„
1046 1209 1268 1252 V11‚24,25,
1287 1207 1334 1245 de
1347 1209 1479 1247 divina
1495 1213 1702 1258 sapientia,

87 1251 195 1334 thod
213 1253 362 1297 atttnqit
381 1253 512 1298 ubique
528 1255 679 1299 propter
697 1262 800 1288 suam
819 1252 1051 1296 munditiam,
1072 1256 1106 1289 et
1123 1255 1217 1291 nihil
1236 1256 1469 1300 inquinatum
1488 1260 1644 1296 incurrit
1664 1263 1704 1297 in

86 1307 102 1333 ι
132 1308 202 1335 am.

137 1346 247 1382 Patet
278 1349 409 1383 autem
441 1357 488 1384 ex
521 1347 734 1393 praedictis,
767 1346 873 1393 quod
890 1347 990 1383 ratio
1008 1356 1095 1393 quae
1117 1347 1157 1384 in
1178 1350 1403 1394 oppositum
1426 1352 1702 1400 objiciebatur,

87 1395 262 1430 ostensae
275 1393 428 1431 veritati
451 1403 532 1431 non
549 1398 754 1440 repugnat.
777 1394 971 1430 Nobilitas
997 1395 1101 1430 enini
1125 1395 1300 1433 scientiae
1322 1399 1535 1436 attenditur
1561 1410 1702 1438 secun-

89 1439 183 1476 dum
203 1449 251 1477 ea
278 1440 326 1477 ad
347 1451 434 1487 quae
463 1441 734 1487 principaliter
766 1441 934 1478 scientia
962 1441 1178 1482 ordinatur,
1210 1447 1247 1479 et
1268 1453 1345 1480 non
1366 1446 1412 1481 ad
1435 1448 1569 1484 omnia
1597 1458 1702 1495 quee-

88 1495 259 1533 cumque
276 1487 318 1523 in
337 1488 506 1525 scientia
532 1489 691 1525 cadunt.
711 1488 790 1525 Sub
812 1488 1064 1524 nobilissima
1085 1489 1190 1525 enim
1213 1490 1468 1529 scientiarum
1493 1495 1594 1540 apud
1627 1504 1702 1533 nos

90 1533 236 1570 cadunt
256 1543 338 1570 non
370 1535 499 1571 solum
535 1544 719 1580 suprema
740 1535 781 1571 in
802 1535 973 1578 entibus,
996 1535 1065 1571 sed
1086 1536 1203 1572 etiam
1225 1537 1375 1574 infima.
1395 1541 1490 1576 Nam
1525 1542 1702 1587 philoso-

88 1580 184 1625 phia
215 1581 341 1626 prima
371 1582 733 1620 considerationem
765 1591 878 1619 suam
912 1582 1086 1618 extendit
1106 1592 1129 1618 a
1148 1583 1275 1627 primo
1309 1589 1396 1622 ente
1417 1596 1541 1634 usque
1562 1589 1609 1625 ad
1631 1598 1702 1627 ens

88 1627 129 1664 in
152 1629 340 1673 potentia,
362 1629 467 1674 quod
499 1632 558 1665 est
579 1629 762 1665 ultimum
784 1629 821 1664 in
846 1628 1018 1666 entibus.
1050 1628 1113 1665 Sic
1134 1634 1262 1666 autem
1285 1632 1360 1668 sub
1380 1633 1512 1671 divina
1537 1636 1702 1674 scientia

88 1675 479 1720 comprehenduntur
505 1675 642 1712 infima
674 1676 839 1722 entium,
873 1676 987 1722 quasi
1020 1685 1109 1712 cum
1146 1677 1354 1723 principali
1389 1682 1549 1727 cognito
1583 1683 1701 1720 simul

88 1724 196 1758 nota.
221 1722 361 1758 Divina
380 1723 485 1759 enim
507 1722 682 1759 essentia
700 1727 758 1760 est
791 1723 1007 1768 principale
1026 1733 1049 1759 a
1068 1725 1147 1759 Deo
1168 1726 1386 1772 cognitum,
1411 1728 1453 1764 in
1473 1738 1550 1775 quo
1569 1731 1702 1768 omnia

87 1772 400 1813 cognoscuntur,
423 1773 464 1805 ut
485 1778 603 1815 supra
625 1769 723 1815 (cap.
746 1771 805 1817 49)
826 1774 1033 1806 ostensum
1055 1773 1127 1806 est.

126 1816 236 1851 Patet
249 1816 366 1852 etiam
381 1816 487 1862 quod
500 1817 582 1853 liaec
595 1817 825 1853 veritasnon
840 1821 1032 1862 repugnat
1044 1816 1158 1853 dictis
1168 1817 1400 1865 Philosophi
1413 1820 1453 1857 in
1465 1821 1699 1861 duodecimo

85 1861 245 1907 Metaph.
278 1862 384 1909 (text.
405 1872 548 1900 comm.
572 1864 643 1910 31).
667 1866 761 1900 Nam
783 1863 837 1900 ibi
859 1864 1026 1900 intendit
1047 1864 1256 1901 ostendere
1277 1867 1381 1912 quod
1411 1868 1568 1906 divinus
1587 1871 1702 1907 intel-

86 1907 212 1946 lectus
229 1918 308 1946 non
331 1911 540 1957 cognoscit
564 1911 672 1947 aliud
692 1921 715 1947 a
732 1920 788 1956 se,
811 1911 916 1957 quod
940 1911 991 1947 sit
1012 1910 1072 1947 sui
1106 1910 1329 1950 intellectus
1350 1915 1551 1961 perfectio,
1585 1917 1700 1964 quasi

83 1955 303 2001 principale
334 1957 560 2004 cognitum3
585 1961 623 1994 et
645 1958 863 1995 secundum
886 1958 991 1994 hunc
1012 1957 1173 1994 modum
1194 1958 1288 1996 dicit
1320 1961 1425 2007 quod
1444 1963 1537 1999 vilia
1556 1965 1699 2002 melius

84 2002 320 2048 ignorantur
340 2013 458 2051 quam
491 2009 799 2051 cognoscantur,
827 2006 985 2052 quando
1006 2004 1158 2056 scilicet
1179 2009 1237 2042 est
1267 2006 1346 2044 alia
1363 2010 1540 2055 cognitio
1561 2011 1699 2050 vilium

83 2052 122 2086 et
142 2050 352 2095 nobilium,
373 2054 412 2088 et
428 2051 567 2088 vilium
584 2052 853 2089 consideratio
873 2051 1235 2089 considerationem
1254 2054 1451 2093 nobilium
1470 2056 1645 2103 impedit.

82 2103 121 2136 et
141 2100 351 2143 nobilium,
371 2102 411 2134 et
427 2102 567 2134 vilium
598 2102 868 2134 consideratio
895 2102 1259 2135 considerationem
1294 2102 1489 2134 nobilium
1526 2100 1706 2145 impedit.

81 2146 112 2194 (l
127 2149 245 2194 part„
265 2156 303 2193 q.
323 2153 421 2190 xxii,
444 2148 517 2182 art.
539 2147 559 2181 3
579 2143 627 2182 ad
648 2143 700 2191 3.)

727 2226 897 2270 CAPUT
924 2228 1063 2268 LXXI.

591 2341 691 2374 QUOD
716 2342 816 2371 DEUS
840 2341 1052 2372 COGNOSGIT
1073 2342 1197 2372 MALA.

129 2429 243 2465 Nunc
262 2429 385 2464 restat
404 2427 613 2464 ostendere
633 2429 740 2474 quod
769 2429 874 2465 Deus
908 2432 1128 2475 cognoscat
1159 2428 1277 2467 etiam
1305 2428 1423 2465 mala.
1458 2429 1568 2466 Bono
1597 2428 1705 2467 enim

81 2475 260 2521 cognito,
281 2474 430 2510 malum
451 2474 678 2519 oppositum
699 2475 970 2521 cognoscitur.
992 2475 1066 2512 Sed
1087 2477 1190 2511 Deus
1225 2475 1434 2521 cognoscit
1455 2477 1590 2512 omnia
1616 2485 1704 2522 par·-

81 2521 268 2560 ticularia
285 2520 406 2563 bona,
428 2520 573 2572 quibus
596 2521 696 2558 mala
718 2525 974 2567 opponuntur
997 2534 1005 2557 :
1028 2521 1238 2568 cognoscit
1254 2522 1377 2567 igitur
1395 2524 1499 2559 Deus
1520 2523 1638 2560 mala.

129 2570 322 2608 Praeterea,
350 2571 640 2604 contrariorum
669 2568 845 2605 rationes
872 2568 913 2604 in
948 2568 1082 2604 anima
1118 2576 1197 2604 non
1231 2572 1326 2605 sunt
1351 2570 1587 2606 contrariae.-
1606 2569 1705 2608 alias

82 2623 167 2652 non
187 2614 307 2651 simul
326 2617 462 2662 essent
481 2613 523 2649 in
544 2614 691 2658 anima,
722 2623 796 2651 nec
829 2614 950 2651 simul
981 2618 1330 2661 cognoscerentur.
1365 2617 1478 2653 Ratio
1497 2625 1607 2663 ergo,
1628 2626 1706 2663 qua

83 2661 345 2708 cognoscitur
375 2661 537 2704 malum,
569 2669 650 2697 non
682 2665 876 2707 repugnat
910 2661 1031 2704 bono,
1053 2661 1123 2698 sed
1152 2662 1281 2709 magis
1315 2663 1365 2700 ad
1397 2663 1590 2700 rationem
1610 2664 1705 2701 boni

81 2707 267 2756 pertinet.
288 2708 326 2745 Si
348 2707 470 2754 igitur
489 2707 531 2743 in
552 2709 632 2744 Deo
659 2711 819 2753 propter
849 2716 963 2744 suam
996 2707 1219 2745 absolutam
1249 2709 1532 2756 perfectionem
1554 2711 1705 2748 inveni-

83 2758 207 2792 untur
237 2763 377 2791 omnes
406 2754 582 2791 rationes
614 2754 819 2798 bonitatis,
842 2758 884 2791 ut
904 2763 1025 2800 supra
1043 2754 1142 2801 (cap.
1168 2755 1228 2802 40)
1262 2756 1471 2802 probatum
1490 2760 1562 2797 est,
1586 2757 1706 2794 relin-

85 2801 220 2847 quitur
235 2801 342 2848 quod
373 2801 413 2838 id
442 2801 530 2847 ipso
560 2801 612 2838 sit
643 2800 758 2842 ratio,
789 2810 867 2847 qua
898 2801 1048 2839 malum
1076 2803 1349 2848 cognoscitur,
1371 2804 1487 2841 etsie
1505 2808 1566 2841 est
1587 2804 1704 2841 etiam

85 2847 282 2886 malorum
301 2848 614 2894 cognoscitivus.

133 2895 233 2937 Item,
253 2903 391 2934 verum
420 2898 483 2934 est
511 2894 663 2934 bonum
696 2893 937 2934 intellectus.
969 2896 1023 2933 Ex
1055 2895 1133 2934 hoc
1163 2896 1271 2935 enim
1302 2896 1448 2945 aliquis
1479 2897 1707 2936 intellectus
